@misc{Gradinaru_strangsplitting,
  author = {Vasile Gradinaru},
  title  = {Strang splitting for the time dependent Schrödinger equation on sparse grids},
}

@article{Golub_Welsch_algorithm,
  author       = {Gene H. Golub and John H. Welsch},
  journaltitle = {Mathematics of Computation},
  month        = {04},
  number       = {106},
  pages        = {221--230},
  publisher    = {STANFORD UNIV CALIF DEPT OF COMPUTER SCIENCE},
  title        = {{Calculation of Gauss quadrature rules}},
  volume       = {23},
  year         = {1967},
}

@misc{Gradinaru_semiclassical_tunneling,
  author = {Vasile Gradinaru and George A. Hagedorn and Alain Joye},
  title  = {Exponentially Accurate Semiclassical Tunneling Wave Functions in One Dimension},
  url    = {http://arxiv.org/abs/1003.3280},
  year   = {2010},
}

@misc{FGL_semiclassical_dynamics,
  author = {Erwan Faou and Vasile Gradinaru and Christian Lubich},
  title  = {Computing semi-classical quantum dynamics with Hagedorn wavepackets},
  url    = {http://dx.doi.org/10.1137/080729724},
  year   = {2009},
}

@misc{GHJ_tunneling_spawning,
  author = {Vasile Gradinaru and George A. Hagedorn and Alain Joye},
  doi    = {DOI: 10.1063/1.3429607},
  title  = {Tunneling dynamics and spawning with adaptive semiclassical wave packets},
  year   = {2010},
}

@article{H_ladder_operators,
  author       = {George A. Hagedorn},
  doi          = {DOI: 10.1006/aphy.1998.5843},
  issn         = {0003-4916},
  journaltitle = {Annals of Physics},
  number       = {1},
  pages        = {77--104},
  title        = {Raising and Lowering Operators for Semiclassical Wave Packets},
  volume       = {269},
  year         = {1998},
}

@article{H_semiclassical_iii,
  author       = {George A. Hagedorn},
  doi          = {DOI: 10.1016/0003-4916(81)90143-3},
  issn         = {0003-4916},
  journaltitle = {Annals of Physics},
  number       = {1},
  pages        = {58--70},
  title        = {Semiclassical quantum mechanics {III}: The large order asymptotics and more general states},
  volume       = {135},
  year         = {1981},
}

@article{H_semiclassical_i,
  author       = {George A. Hagedorn},
  doi          = {http://dx.doi.org/10.1007/BF01230088},
  journaltitle = {Communications in Mathematical Physics},
  number       = {1},
  pages        = {77--93},
  title        = {Semiclassical quantum mechanics {I}: The $\hbar \rightarrow 0$ Limit for Coherent States.},
  volume       = {71},
  year         = {1980},
}

@article{matexp,
  author       = {Dennis Bernstein and Wasin So},
  journaltitle = {IEEE Transactions on Automatic Control},
  number       = {8},
  pages        = {1228--1232},
  title        = {{Some explicit formulas for the matrix exponential}},
  volume       = {38},
  year         = {1993},
}

@article{moler_nineteen,
  author       = {C. Moler and C. {Van Loan}},
  journaltitle = {SIAM Review},
  number       = {4},
  pages        = {801--836},
  title        = {{Nineteen dubious ways to compute the matrix exponential}},
  volume       = {20},
  year         = {1978},
}

@article{moler_nineteen_later,
  author       = {C. Moler and C. {Van Loan}},
  journaltitle = {SIAM review},
  number       = {1},
  pages        = {3--49},
  publisher    = {JSTOR},
  title        = {{Nineteen dubious ways to compute the exponential of a matrix, twenty-five years later}},
  volume       = {45},
  year         = {2003},
}

@article{H_classification,
  author       = {George A. Hagedorn},
  journaltitle = {Journal of Physics A: Mathematical and General},
  pages        = {369},
  publisher    = {IOP Publishing},
  title        = {{Classification and normal forms for avoided crossings of quantum-mechanical energy levels}},
  volume       = {31},
  year         = {1998},
}

@manual{sympy,
  author = {{SymPy Development Team}},
  title  = {SymPy: Python library for symbolic mathematics},
  url    = {http://www.sympy.org},
  year   = {2009},
}

@manual{ascher.dubois.hinsen.hugunin.oliphant-1999-np,
  author       = {David Ascher and Paul F. Dubois and Konrad Hinsen and James Hugunin and Travis Oliphant},
  edition      = {UCRL-MA-128569},
  keywords     = {numpy},
  location     = {Livermore, CA},
  organization = {Lawrence Livermore National Laboratory},
  title        = {Numerical Python},
  year         = {1999},
}

@article{dubois.hinsen.hugunin-1996-cp,
  author       = {Paul F. Dubois and Konrad Hinsen and James Hugunin},
  journaltitle = {Computers in Physics},
  keywords     = {numpy},
  month        = {May/June},
  number       = {3},
  title        = {Numerical Python},
  volume       = {10},
  year         = {1996},
}

@article{dubois-1999-cse,
  author       = {Paul F. Dubois},
  journaltitle = {Computing Science and Engineering},
  keywords     = {numpy},
  month        = {Sep/Oct},
  number       = {5},
  pages        = {66--73},
  title        = {Extending Python with Fortran},
  volume       = {1},
  year         = {1999},
}

@manual{oliphant-2006-guide,
  author      = {Travis E. Oliphant},
  institution = {Brigham Young University},
  keywords    = {numpy},
  location    = {Provo, UT},
  month       = {03},
  title       = {Guide to NumPy},
  url         = {http://www.tramy.us/},
  year        = {2006},
}

@misc{scipy,
  author = {Eric Jones and Travis Oliphant and Pearu Peterson and others},
  title  = {{SciPy}: Open source scientific tools for {Python}},
  url    = {http://www.scipy.org/},
  year   = {2001--},
}

@book{AandS,
  author    = {M. Abramowitz and I. Stegun},
  edition   = {10th printing with corrections},
  note      = {Equation 25.4.46},
  publisher = {Dover},
  title     = {Handbook of Mathematical Functions with Formulas, Graphs, and Mathematical Tables},
  year      = {1972},
}

@article{H_R_quantization_rules,
  author       = {George A. Hagedorn and Sam L. Robinson},
  fjournal     = {Journal of Physics. A. Mathematical and General},
  journaltitle = {J. Phys. A},
  number       = {50},
  pages        = {10113--10130},
  title        = {Bohr-{S}ommerfeld quantization rules in the semiclassical limit},
  url          = {http://dx.doi.org/10.1088/0305-4470/31/50/009},
  volume       = {31},
  year         = {1998},
}

@book{S_Teufel,
  author    = {S. Teufel},
  publisher = {Springer Verlag},
  title     = {{Adiabatic perturbation theory in quantum dynamics}},
  year      = {2003},
}

@article{H_T_semiclassical_2x2,
  author       = {George A. Hagedorn and Julio H. Toloza},
  journaltitle = {Journal of Mathematical Analysis and Applications},
  number       = {1},
  pages        = {300--329},
  title        = {Exponentially Accurate Semiclassical Asymptotics of Low-Lying Eigenvalues for $2 \times 2$ Matrix Schrödinger Operators},
  volume       = {312},
  year         = {2005},
}

@article{J_C_operator_splitting,
  author       = {Tobias Jahnke and Christian Lubich},
  issue        = {4},
  journaltitle = {BIT Numerical Mathematics},
  pages        = {735--744},
  publisher    = {Springer Netherlands},
  title        = {Error Bounds for Exponential Operator Splittings},
  url          = {http://dx.doi.org/10.1023/A:1022396519656},
  volume       = {40},
  year         = {2000},
}

@book{Thaller_VQM,
  author    = {Bernd Thaller},
  edition   = {1st},
  isbn      = {0387989293},
  location  = {Secaucus, NJ, USA},
  publisher = {Springer-Verlag New York, Inc.},
  title     = {Visual Quantum Mechanics: Selected Topics with Computer Generated Animations of Quantum Mechanical Phenomena with Cdrom},
  year      = {2000},
}

@article{GHJ_exponentially_accurate,
  author       = {Vasile Gradinaru and George A Hagedorn and Alain Joye},
  journaltitle = {Journal of Physics A: Mathematical and Theoretical},
  number       = {47},
  pages        = {474026},
  title        = {Exponentially accurate semiclassical tunneling wavefunctions in one dimension},
  url          = {http://stacks.iop.org/1751-8121/43/i=47/a=474026},
  volume       = {43},
  year         = {2010},
}

@report{P_matrix_book,
  author      = {Kaare Brandt Petersen and Michael Syskind Pedersen and Jan Larsen and Korbinian Strimmer and Lars Christiansen and Kai Hansen and Liguo He and Loic Thibaut and Miguel Barão and Stephan Hattinger and Vasile Sima and We The},
  institution = {},
  title       = {The matrix cookbook},
  type        = {techreport},
  year        = {2006},
}

@book{H_functions_of_matrices,
  author    = {Nicholas J. Higham},
  isbn      = {978-0-89871-646-7},
  publisher = {SIAM},
  title     = {Functions of matrices - theory and computation},
  year      = {2008},
}

@article{HJ_molecularpropagation,
  author       = {George A. Hagedorn and Alain Joye},
  journaltitle = {Rev. Math. Phys},
  pages        = {41--101},
  title        = {Molecular Propagation through Small Avoided Crossings of Electron Energy Levels},
  volume       = {11},
  year         = {1997},
}

@article{H_crossing_classification,
  author       = {George A Hagedorn},
  journaltitle = {Journal of Physics A: Mathematical and General},
  number       = {1},
  pages        = {369},
  title        = {Classification and normal forms for avoided crossings of quantum-mechanical energy levels},
  volume       = {31},
  year         = {1998},
}

@article{L_eigenvalues,
  author       = {Lancaster, P.},
  issue        = {1},
  journaltitle = {Numerische Mathematik},
  pages        = {377-387},
  publisher    = {Springer Berlin / Heidelberg},
  title        = {On eigenvalues of matrices dependent on a parameter},
  volume       = {6},
  year         = {1964},
}

@article{MH_eigenvalues,
  author       = {Murthy, Durbha V and Haftka, Raphael T},
  journaltitle = {International Journal for Numerical Methods in Engineering},
  number       = {2},
  pages        = {293--311},
  title        = {Derivatives of eigenvalues and eigenvectors of a general complex matrix},
  volume       = {26},
  year         = {1988},
}

@article{OW_eigenvalues,
  author       = {Overton, Michael L. and Womersley, Robert S.},
  issue_date   = {July 1995},
  journaltitle = {SIAM J. Matrix Anal. Appl.},
  number       = {3},
  pages        = {697--718},
  publisher    = {Society for Industrial and Applied Mathematics},
  title        = {Second Derivatives for Optimizing Eigenvalues of Symmetric Matrices},
  volume       = {16},
  year         = {1995},
}

@article{Lasser,
  author        = {Caroline Lasser and Torben Swart},
  collaboration = {},
  doi           = {10.1063/1.2954019},
  eid           = {034302},
  journaltitle  = {The Journal of Chemical Physics},
  keywords      = {hopping conduction; organic compounds; potential energy surfaces; surface conductivity},
  number        = {3},
  numpages      = {8},
  pages         = {034302},
  publisher     = {AIP},
  title         = {Single switch surface hopping for a model of pyrazine},
  url           = {http://link.aip.org/link/?JCP/129/034302/1},
  volume        = {129},
  year          = {2008},
}

@article{westermann,
  author        = {Till Westermann and Ralf Brodbeck and Alexander B. Rozhenko and Wolfgang Schoeller and Uwe Manthe},
  collaboration = {},
  doi           = {10.1063/1.3658040},
  eid           = {184102},
  journaltitle  = {The Journal of Chemical Physics},
  keywords      = {ab initio calculations; HF calculations; molecule-photon collisions; organic compounds; photodissociation; photoexcitation; potential energy surfaces; quantum theory; vibrational states},
  number        = {18},
  numpages      = {12},
  pages         = {184102},
  publisher     = {AIP},
  title         = {Photodissociation of methyl iodide embedded in a host-guest complex: A full dimensional (189D) quantum dynamics study of CH[sub 3]I@resorc[4]arene},
  url           = {http://link.aip.org/link/?JCP/135/184102/1},
  volume        = {135},
  year          = {2011},
}

@article{Xie_Guo_Amatatsu_Kosloff,
  author       = {Xie, Daiqian and Guo, Hua and Amatatsu, Yoshiaki and Kosloff, Ronnie},
  journaltitle = {The Journal of Physical Chemistry A},
  number       = {5},
  pages        = {1009--1019},
  title        = {Three-Dimensional Photodissociation Dynamics of Rotational State Selected Methyl Iodide},
  url          = {http://pubs.acs.org/doi/abs/10.1021/jp9932463},
  volume       = {104A},
  year         = {2000},
}

@article{Adhikari,
  author       = {Sardar, Subhankar and Paul, Amit Kumar and Sharma, Rahul and Adhikari, Satrajit},
  doi          = {10.1002/qua.22578},
  issn         = {1097-461X},
  journaltitle = {International Journal of Quantum Chemistry},
  keywords     = {parallelized TDDVR method, benzene radical cation, quantum-Classical approach},
  number       = {12},
  pages        = {2741--2759},
  publisher    = {Wiley Subscription Services, Inc., A Wiley Company},
  title        = {A "classical" trajectory driven nuclear dynamics by a parallelized quantum-classical approach to a realistic model Hamiltonian of benzene radical cation},
  url          = {http://dx.doi.org/10.1002/qua.22578},
  volume       = {111},
  year         = {2011},
}

@article{Sardar,
  author       = {Sardar, Subhankar and Paul, Amit and Adhikari, Satrajit},
  doi          = {doi:10.1007/s12039-010-0084-x},
  journaltitle = {Journal of Chemical Sciences},
  number       = {4},
  pages        = {491-510},
  title        = {A quantum-classical simulation of the nuclear dynamics in NO 2 and C6H 6 + with realistic model Hamiltonian},
  url          = {http://www.ingentaconnect.com/content/klu/12039a/2010/00000122/00000004/00000084},
  volume       = {122},
  year         = {2010},
}

@article{lee_heller,
  author        = {Soo-Y. Lee and Eric J. Heller},
  collaboration = {},
  doi           = {10.1063/1.443342},
  journaltitle  = {The Journal of Chemical Physics},
  keywords      = {WAVE PACKETS; WAVE PROPAGATION; DISSOCIATION; PHOTOLYSIS; METHYL IODIDE; RAMAN SPECTRA; CROSS SECTIONS},
  number        = {6},
  pages         = {3035-3044},
  publisher     = {AIP},
  title         = {Exact time-dependent wave packet propagation: Application to the photodissociation of methyl iodide},
  url           = {http://link.aip.org/link/?JCP/76/3035/1},
  volume        = {76},
  year          = {1982},
}

