


@Unpublished{GRH11,
  author       = {V. Gradinaru and G.A. Hagedorn},
  title        = {A Time-Splitting for the Semiclassical {S}chr\"odinger Equation},
  note 	       = {in preparation},
  year = {2011}
}

@ARTICLE{BGH11,
  author = {R. Bourquin and V. Gradinaru and G.A. Hagedorn},
  title = {Non-adiabatic transitions near avoided crossings: theory and numerics},
  journal = {Journal of Mathematical Chemistry},
  volume = {50},
  pages = {602-619},
  affiliation = {Seminar for Applied Mathematics, ETH Zürich, 8092 Zürich, Switzerland},
  keyword = {Chemistry and Materials Science},
  publisher = {Springer Netherlands},
    year = 2012
}


@article{FGL09,
    AUTHOR = {E. Faou and V. Gradinaru  and C. Lubich},
     TITLE = {Computing semiclassical quantum dynamics with {H}agedorn wavepackets},
   JOURNAL = {SIAM J. Sci. Comput.},
  FJOURNAL = {SIAM Journal on Scientific Computing},
    VOLUME = {31},
      YEAR = {2009},
    NUMBER = {4},
     PAGES = {3027--3041}
}

@Article{GRA07a,
  author       = {V.~Gradinaru},
  title        = {Strang splitting for the time dependent {S}chr\"odinger equation on sparse grids},
  JOURNAL = {SIAM J. Numer. Anal.},
  FJOURNAL = {SIAM Journal on Numerical Analysis},
    VOLUME = {46},
      YEAR = {2007/08},
    NUMBER = {1},
     PAGES = {103--123},
       DOI = {10.1137/050629823}
}

@article {GRA07b,
    AUTHOR = {V. Gradinaru},
     TITLE = {Fourier transform on sparse grids: code design and the time
              dependent {S}chr\"odinger equation},
   JOURNAL = {Computing},
  FJOURNAL = {Computing. Archives for Scientific Computing},
    VOLUME = {80},
      YEAR = {2007},
    NUMBER = {1},
     PAGES = {1--22},
       DOI = {10.1007/s00607-007-0225-3},
       }

@Article{GHJ10b,
  author       = {V. Gradinaru and G.~A. Hagedorn and A. Joye},
  title        = {Accurate Semiclassical Tunneling Wave Functions in One Dimension},
  journal      = {Journal of Physics A},
  year 	       = {2010},
FJOURNAL = {Journal of Physics. A. Mathematical and Theoretical},
    VOLUME = {43},
          NUMBER = {47},
     PAGES = {474026, 13}
}

@Article{GHJ10a,
  author       = {V.~Gradinaru and G.~A.~Hagedorn and A.~Joye},
  title        = {Tunneling dynamics and spawning with adaptive semi-classical wave-packets},
  journal      = {Journal of Chemical Physics},
  year 	       = {2010},
  volume    = {132}
}


@Article{FaG08,
  author       = {E. Faou and V. Gradinaru},
  title        = {Gauss-{H}ermite wavepacket dynamics: convergence of the spectral and pseudo-spectral approximations},
  journal      = {IMA Journal of Numerical Analysis},
  year 	       = {2008},
  doi = {10.1093/imanum/drn041}
}


@article{HAG98,
author={G.A. Hagedorn},
title={Raising and lowering operators for semiclassical wave packets.},
journal={Ann. Phys.},
volume={269},
number={1},
pages={77-104},
year={1998},
doi={10.1006/aphy.1998.5843}
}

% -------------------------



@article {HAG80,
    AUTHOR = {G.A. Hagedorn},
     TITLE = {Semiclassical quantum mechanics. {I}. {T}he {$\hbar
              \rightarrow 0$} limit for coherent states},
   JOURNAL = {Comm. Math. Phys.},
  FOURNAL = {Communications in Mathematical Physics},
    VOLUME = {71},
      YEAR = {1980},
    NUMBER = {1},
     PAGES = {77--93},
     CODEN = {CMPHAY},
   MRCLASS = {81C99 (58G99)},
  MRNUMBER = {MR556903 (81a:81038)},
MRREVIEWER = {F. R. Halpern}
},

%--------------------------

@article {HAG85,
    AUTHOR = {G.A. Hagedorn},
     TITLE = {Semiclassical quantum mechanics. {IV}. {L}arge order
              asymptotics and more general states in more than one
              dimension},
   JOURNAL = {Ann. Inst. H. Poincar\'e Phys. Th\'eor.},
  FJOURNAL = {Annales de l'Institut Henri Poincar\'e. Physique Th\'eorique},
    VOLUME = {42},
      YEAR = {1985},
    NUMBER = {4},
     PAGES = {363--374},
     CODEN = {AHPAAO},
   MRCLASS = {81C12},
  MRNUMBER = {MR801234 (87b:81035)},
MRREVIEWER = {M. Demuth},
}

@Article{JAL00,
  author       = {T. Jahnke and Ch. Lubich},
  title        = {Error {B}ounds for {E}xponential {O}perator {S}plittings},
  journal      = {BIT},
  year         = {2000},
  volume    = {40},
  number    = {4},
  pages     = {735-744}
}

@article {BJM02,
    AUTHOR = {Bao, Weizhu and Jin, Shi and Markowich, Peter A.},
     TITLE = {On time-splitting spectral approximations for the
              {S}chr\"odinger equation in the semiclassical regime},
   JOURNAL = {J. Comput. Phys.},
  FJOURNAL = {Journal of Computational Physics},
    VOLUME = {175},
      YEAR = {2002},
    NUMBER = {2},
     PAGES = {487--524},
       DOI = {10.1006/jcph.2001.6956}
}

@ARTICLE{BKS97,
  author = {N. Balakrishnan and C. Kalyanaraman and N. Sathyamurthy},
  title = {Time-dependent quantum mechanical approach to reactive scattering
	and related processes},
  journal = {Physics Reports},
  year = {1997},
  volume = {280},
  pages = {79 - 144},
  number = {2},
  doi = {10.1016/S0370-1573(96)00025-7},
  keywords = {Time-dependent quantal calculations}
}

@Article{KMP10,
  author       = {I. Kyza and C. Makridakis and M. Plexousakis},
  title        = {Error control for time-splitting spectral approximations of the semiclassical Schrödinger equation},
  journal      = {IMA J Numer Ana},
  year 	       = {2011},
  volume    = {31},
  number    = {2},
  pages     = {16-441},
  DOI    = {doi: 10.1093/imanum/drp044}
}

@article {YOS90,
    AUTHOR = {Yoshida, Haruo},
     TITLE = {Construction of higher order symplectic integrators},
   JOURNAL = {Phys. Lett. A},
  FJOURNAL = {Physics Letters. A},
    VOLUME = {150},
      YEAR = {1990},
    NUMBER = {5-7},
     PAGES = {262--268},
       DOI = {10.1016/0375-9601(90)90092-3}
       }

@article {DET10,
    AUTHOR = {S. Descombes and M. Thalhammer},
     TITLE = {An exact local error representation of exponential operator
              splitting methods for evolutionary problems and applications
              to linear {S}chr\"odinger equations in the semi-classical
              regime},
   JOURNAL = {BIT},
  FJOURNAL = {BIT. Numerical Mathematics},
    VOLUME = {50},
      YEAR = {2010},
    NUMBER = {4},
     PAGES = {729--749},
       DOI = {10.1007/s10543-010-0282-4}
}
 		

@article {NET09,
    AUTHOR = {C. Neuhauser and M. Thalhammer},
     TITLE = {On the convergence of splitting methods for linear
              evolutionary {S}chr\"odinger equations involving an unbounded
              potential},
   JOURNAL = {BIT},
  FJOURNAL = {BIT. Numerical Mathematics},
    VOLUME = {49},
      YEAR = {2009},
    NUMBER = {1},
     PAGES = {199--215},
       DOI = {10.1007/s10543-009-0215-2}
}
		

@article {TCN09,
    AUTHOR = {M. Thalhammer and M. Caliari and C. Neuhauser},
     TITLE = {High-order time-splitting {H}ermite and {F}ourier spectral
              methods},
   JOURNAL = {J. Comput. Phys.},
  FJOURNAL = {Journal of Computational Physics},
    VOLUME = {228},
      YEAR = {2009},
    NUMBER = {3},
     PAGES = {822--832},
       DOI = {10.1016/j.jcp.2008.10.008},
}
		

@article {THA08,
    AUTHOR = {M. Thalhammer},
     TITLE = {High-order exponential operator splitting methods for
              time-dependent {S}chr\"odinger equations},
   JOURNAL = {SIAM J. Numer. Anal.},
  FJOURNAL = {SIAM Journal on Numerical Analysis},
    VOLUME = {46},
      YEAR = {2008},
    NUMBER = {4},
     PAGES = {2022--2038},
       DOI = {10.1137/060674636},
}

@article{WHB05,
author = {Y. Wu and M. Herman and V. Batista},
title = {Matching-pursuit/split-operator Fourier-transform simulations of nonadiabatic quantum dynamics},
publisher = {AIP},
year = 2005,
journal = {The Journal of Chemical Physics},
volume = 122,
number = 11,
eid = 114114,
numpages = 8,
pages = 114114,
keywords = {Fourier transforms; quantum theory; gradient methods; optimisation},
doi = {10.1063/1.1881132}
}

@article{WUB04,
author = {Y. Wu and V. Batista},
collaboration = {},
title = {Quantum tunneling dynamics in multidimensional systems: A matching-pursuit description},
publisher = {AIP},
year = {2004},
journal = {The Journal of Chemical Physics},
volume = {121},
number = {4},
pages = {1676-1680},
keywords = {quantum theory; tunnelling; multidimensional systems; simulation; Fourier transforms; optimisation},
doi = {10.1063/1.1766298}
}

@article{WUB03,
title = {Matching-pursuit for simulations of quantum processes},
JOURNAL = "J. Chem. Phys.",
publisher = {AIP},
year = {2003},
doi = {DOI:10.1063/1.1560636},
volume = {118},
number = {15},
pages = {6720-6724},
author = {Y. Wu and V. Batista},
}



% Multiple spawning
@ARTICLE{BQM00,
AUTHOR = "M. Ben-Nun and J. Quenneville and T. J. Mart{\'i}nez",
TITLE = "Ab Initio Multiple Spawning: Photochemistry from First Principles Quantum Molecul
ar Dynamics",
JOURNAL = "J. Phys. Chem. A",
VOLUME = "104",
PAGES = "5161--5175",
YEAR = "2000"
}

@ARTICLE{HEL81,
AUTHOR = "E. J. Heller",
TITLE = "Frozen {G}aussians: A very simple semiclassical approximation",
JOURNAL = "J. Chem. Phys.",
VOLUME = "75",
PAGES = "2923--2931",
YEAR = "1981"}

@BOOK{MGW09,
AUTHOR = "H.-D. Meyer and F. Gatti and G.A. Worth (Eds.)",
TITLE = "Multidimensional Quantum Dynamics: {MCTDH} Theory and Applications",
PUBLISHER = "Wiley-VCH",
ADDRESS = "Weinheim",
YEAR = "2009"}

@article{KHK10,
   author = {K. Kormann and S. Holmgren and H.~O. Karlsson},
   title = {A {F}ourier-Coefficient Based Solution of an Optimal Control Problem in Quantum Chemistry},
   journal = {Journal of Optimization Theory and Applications},
   pages = {491-506},
   volume = {147},
   issue = {3},
   year = {2010}
}

@ARTICLE{FFS82,
AUTHOR = "M. Feit. and J. Fleck and A. Steiger",
TITLE = "Solution of the {S}chr{\"o}dinger equation by a spectral method",
JOURNAL = "J. Compt. Phys.",
VOLUME = "47",
PAGES = "412--433",
YEAR = "1982"
}

@article{PDA04,
title = "A quantum-classical treatment of non-adiabatic transitions",
journal = "Chemical Physics",
volume = "300",
number = "1-3",
pages = "305 - 323",
year = "2004",
doi = "10.1016/j.chemphys.2004.01.006",
author = "P. Puzari and S. Deshpande and S. Adhikari"
}

@article{PUA04,
        title = {Semi-classical formulation of time-dependent discrete variable representation method},
        volume = {98},
        number = {5},
        journal = {International Journal of Quantum Chemistry},
        author = {P. Puzari and S. Adhikari},
        year = {2004},
        pages = {434--446},
        DOI = {10.1002/qua.20095}
}

@article{BIL02,
        title = {Quantum-dressed classical mechanics: Theory and application},
        volume = {4},
        shorttitle = {Quantum-dressed classical mechanics},
        number = {13},
        journal = {Physical Chemistry Chemical Physics},
        author = {G. D. Billing},
        year = {2002},
        pages = {2865--2877},
        doi = {10.1039/b202151j}
}

@article{BIA00,
title = "The time-dependent discrete variable representation method in molecular dynamics",
journal = "Chemical Physics Letters",
volume = "321",
number = "3-4",
pages = "197 - 204",
year = "2000",
author = "G. D. Billing and S. Adhikari",
doi = {10.1016/S0009-2614(00)00358-4}
}



@book {TEU03,
    AUTHOR = {S. Teufel},
     TITLE = {Adiabatic perturbation theory in quantum dynamics},
    SERIES = {Lecture Notes in Mathematics},
    VOLUME = {1821},
 PUBLISHER = {Springer-Verlag},
   ADDRESS = {Berlin},
      YEAR = {2003},
}

@Book{TAN07,
  author    = {D. Tannor},
  title        = {Introduction to Quantum Mechanics: A Time Dependent Perspective},
  publisher    = {University Science Press},
  year         = {2007},
  address   = {Sausalito}
}@Article{SAA03,
  title = {Semiclassical tunneling in real time: Wave-packet dynamics in static and driven barrier potentials},
  author = {M. Saltzer  and J. Ankerhold },
  journal = {Phys. Rev. A},
  volume = {68},
  number = {4},
  pages = {042108},
  numpages = {12},
  year = {2003},
  month = {Oct},
  publisher = {American Physical Society},
  doi = {10.1103/PhysRevA.68.042108}
},



@Article{HOK08,
  author       = {G. Hochman and K. Kay},
  title        = {Tunneling by a semiclassical initial value method with higher order corrections},
  journal      = {J. Phys. A},
  year         = {2008},
  pages = {385303},
  numpages = {30},
  volume    = {41},
  doi = {10.1088/1751-8113/41/38/385303}
}

@article{BJT08,
        title = {Emergence of exponentially small reflected waves},
        number = {64},
        pages = {53--100},
        journal = {Asymptotic Analysis},
        author = {V. Betz and A. Joye and S. Teufel},
        year = {2009},
        keywords = {{41A60,} {81Q05,} Mathematical Physics}
}


@Book{BIM97,
  author    = {G. Billing and  K. Mikkelsen},
  title        = {Advanced molecular dynamics and chemical kinetics},
  publisher    = {J. Wiley \& Sons},
  year         = {1997}
}


@article{LEH82,
title = {Exact time-dependent wave packet propagation: Application to the photodissociation of methyl iodide},
publisher = {AIP},
year = {1982},
doi = {10.1063/1.443342},
volume = {76},
number = {6},
pages = {3035-3044},
journal = {Journal of Chemical Physics},
author = {S.~Y. Lee and E.~J. Heller},
}

@ARTICLE{COK82,
  author = {R.D. Coalson and M. Karplus},
  title = {Extended wave packet dynamics; exact solution for collinear atom,
	diatomic molecule scattering},
  journal = {Chemical Physics Letters},
  year = {1982},
  volume = {90},
  pages = {301 - 305},
  number = {4},
  doi = {10.1016/0009-2614(82)83244-2},
}

@Article{GSX03,
  author       = {B. Guo and J. Shen and C. Xu},
  title        = {Spectral and pseudospectral approximations using {H}ermite functions: application to the {D}irac equation},
  journal      = {Advances in
  Computational Mathematics},
  year         = {2003},
  volume    = {19},
  pages     = {35--55}
}

@misc{waveblocks,
    author = {R. Bourquin and V. Gradinaru},
    title = {{WaveBlocks}: Reusable building blocks for simulations with semiclassical wavepackets},
    year = {2010, 2011},
    howpublished={\url{http://waveblocks.origo.ethz.ch}}
}

@book {LUB08,
    AUTHOR = {C. Lubich},
     TITLE = {From quantum to classical molecular dynamics: reduced models
              and numerical analysis},
    SERIES = {Zurich Lectures in Advanced Mathematics},
 PUBLISHER = {European Mathematical Society (EMS), Z\"urich},
      YEAR = {2008},
       DOI = {10.4171/067}
}

@article{LAS08,
author = {C. Lasser and T. Swart},
title = {Single switch surface hopping for a model of pyrazine},
publisher = {AIP},
year = {2008},
journal = {The Journal of Chemical Physics},
volume = {129},
number = {3},
eid = {034302},
numpages = {8},
pages = {034302},
doi = {10.1063/1.2954019}
}

@article{NUM00,
        title = {A multiple spawning approach to tunneling dynamics},
        volume = {112},
        number = {14},
        journal = {The Journal of Chemical Physics},
        author = {M. {Ben-Nun} and T. J. Martinez},
        month = apr,
        year = {2000},
        pages = {6113--6121},
        doi = {10.1063/1.481213}
}

@article{NEM02,
author = {M.~Nest and H.-D.~Meyer},
collaboration = {},
title = {Benchmark calculations on high-dimensional Henon--Heiles potentials with the multi-configuration time dependent Hartree (MCTDH) method},
publisher = {AIP},
year = {2002},
journal = {The Journal of Chemical Physics},
volume = {117},
number = {23},
pages = {10499-10505},
doi = {10.1063/1.1521129}
}


@Article{GAT96,
  author       = {S. Garashchuk and D. Tannor},
  title        = {Wave packet correlation function approach to {$H_2([\nu])+H\rightarrow H+H_22([\nu]$}): semiclassical implementation.},
  journal      = {Chemical Physics Letters},
  year 	       = {1996},
  volume    = {262},
  number    = {3-4},
  pages     = {477-485},
  doi = {10.1016/0009-2614(96)01111-6}
}


@article{SMA95,
title = {Time-dependent discrete variable representations for quantum wave packet propagation},
publisher = {AIP},
year = {1995},
doi = {DOI:10.1063/1.469293},
volume = {102},
number = {14},
pages = {5616-5625},
author = {E. Sim and N. Makri},
journal={Journal of Chemical Physics}
}

@INBOOK{NAK08,
  pages = {95--212},
  title = {Nonadiabatic Chemical Dynamics: Comprehension and Control of Dynamics,
	and Manifestation of Molecular Functions},
  publisher = {John Wiley \& Sons, Inc.},
  year = {2008},
  author = {H. Nakamura},
  booktitle = {Advances in Chemical Physics},
  doi = {10.1002/9780470259474.ch3},
 }

@article{HOK09,
title = {Tunneling in two-dimensional systems using a higher-order Herman-Kluk approximation},
publisher = {AIP},
year = {2009},
doi = {DOI:10.1063/1.3079544},
volume = {130},
number = {6},
pages = {061104},
author = {G. Hochman and K. Kay},
journal={Journal of Chemical Physics}
}

@article{POI08,
title = {Reconciling semiclassical and Bohmian mechanics. VI. Multidimensional dynamics},
publisher = {AIP},
year = {2008},
doi = {DOI:10.1063/1.2969102},
volume = {129},
number = {8},
pages = {084103},
author = {B. Poirier},
journal={Journal of Chemical Physics}
}

@article{PSA06,
title = {A quantum-classical approach to the molecular dynamics of pyrazine with a realistic model Hamiltonian},
publisher = {AIP},
year = {2006},
doi = {DOI:10.1063/1.2393228},
volume = {125},
number = {19},
pages = {194316},
author = {P. Puzari and  B. Sarkar and S. Adhikari},
journal={Journal of Chemical Physics}
}

@ARTICLE{SPA10,
  author = {S. Sardar and A. Paul and S. Adhikari},
  title = {A quantum-classical simulation of the nuclear dynamics in {$NO2^{-}$} and {$C6H6^+$}
	with realistic model Hamiltonian},
  journal = {Journal of Chemical Sciences},
  year = {2010},
  volume = {122},
  pages = {491-510},
  doi = {10.1007/s12039-010-0084-x},
  issue = {4},
  keyword = {Chemistry and Materials Science},
  publisher = {Springer India, in co-publication with Indian Academy of Sciences},
}

@ARTICLE{SPS11,
  author = {S. Sardar and A. Paul and R. Sharma and S. Adhikari},
  title = {A “classical” trajectory driven nuclear dynamics by a parallelized
	quantum-classical approach to a realistic model Hamiltonian of benzene
	radical cation},
  journal = {International Journal of Quantum Chemistry},
  year = {2011},
  volume = {111},
  pages = {2741--2759},
  number = {12},
  doi = {10.1002/qua.22578},
  publisher = {Wiley Subscription Services, Inc., A Wiley Company},
}

@article{BAA03,
title = {Time-dependent discrete variable representation method in a tunneling problem},
publisher = {AIP},
year = {2003},
doi = {DOI:10.1063/1.1553977},
volume = {118},
number = {12},
pages = {5302-5318},
author = {B. Barkakaty and S. Adhikari},
journal={Journal of Chemical Physics}
}

@article{YCK09,
title = {An 'optimal' spawning algorithm for adaptive basis set expansion in nonadiabatic dynamics},
publisher = {AIP},
year = {2009},
doi = {DOI:10.1063/1.3103930},
issn = {00219606},
eissn = {10897690},
coden = {JCPSA6},
volume = {130},
number = {13},
pages = {134113},
author = {S. Yang and  J. D. Coe and  B. Kaduk and T. J. Martínez},
journal={Journal of Chemical Physics}
}



@Article{SIN10,
  author       = {N. Shinkoh, T. Ishida and H. Nakamura},
  title        = {Future perspectives of nonadiabatic chemical dynamics},
  journal      = {Chemical Science},
  year 	       = {2010},
  doi       = {10.1039/C0SC00274G },
  volume = {6},
  number    = {1},
  pages     = {663-674}
}



@techreport{ZEN90,
  author =       {Chr. Zenger},
  title =        {Sparse {G}rids},
  institution =  {SFB 342, TU M\"unchen},
  year =         {1990},
  number =       {18--90}
}

@Book{BUN98,
  author =       {H. Bungartz},
  title =        {Finite Elements of Higher Order on Sparse Grids},
  publisher =    {Shaker Verlag},
  year =         {1998},
  address =      {Aachen},
}
@Article{BUG04,
  author =       {H.-J. Bungartz and M. Griebel},
  title =        {Sparse {G}rids},
  journal =      {Acta Numerica},
  year =         {2004},
  OPTkey =       {},
  volume =       {13},
  OPTnumber =    {},
  pages =        {1-123},
  OPTmonth =     {},
  OPTnote =      {},
  OPTannote =    {}
}
@PhdThesis{KUP97,
  author       = {F. Kupka},
  title        = {Sparse {G}rid {S}pectral {M}ethods for the {N}umerical {S}olution of {P}artial {D}ifferential {E}quations with {P}eriodic {B}oundary {C}onditions},
  school       = {Univerit\"at Wien},
  year         = {1997},
  OPTkey       = {},
  OPTtype      = {},
  OPTaddress   = {},
  OPTmonth     = {},
  OPTnote      = {},
  OPTannote    = {}
}


@Article{SMO63,
  author =	"S. A. Smolyak",
  title =	"Quadrature and Interpolation Formulas for Tensor
		 Products of Certain Classes of Functions",
  journal =	"Dokl. Akad. Nauk SSSR",
  year = 	"1963",
  volume =	"148",
  pages =	"1042--1043",
  note = 	"Russian, Engl. Transl.: Soviet Math. Dokl. 4:240--243,
		 1963",
}




@Article{TEM85,
  author       = {V. Temlyakov},
  title        = {Approximate recovery of periodic fucntions of several variables},
  journal      = {Mat. Sbornik},
  year 	       = {1985},
  OPTkey       = {},
  volume    = {128},
  OPTnumber    = {},
  pages     = {256--268},
  OPTmonth     = {},
  OPTnote      = {},
  OPTannote    = {}
}


@Unpublished{DON00a,
  author       = {D. Donoho},
  title        = {High-Dimensional Data Analysis: The Curses and Blessings of Dimensionality},
  year      = {2000},
  note         = {\texttt{http://www-stat.stanford.edu/\~{}donoho/Lectures/AMS2000/Curses.pdf}},
  OPTkey       = {},
  OPTmonth     = {},
  URL = {http://www-stat.stanford.edu/~donoho/Lectures/AMS2000/Curses.pdf},
  OPTannote    = {}
}

@article{PAL86,
author = {Tae Jun Park and J. C. Light},
title = {Unitary quantum time evolution by iterative Lanczos reduction},
publisher = {AIP},
year = {1986},
journal = {The Journal of Chemical Physics},
volume = {85},
number = {10},
pages = {5870-5876},
doi = {10.1063/1.451548}
}

@Article{HOL97,
  author =       {M. Hochbruck and C. Lubich},
  title =        {On Krylov subspace approximations to the matrix exponential
                  operator},
  journal =      {SIAM J. Numer. Anal.},
  year =         1997,
  volume =       34,
  pages =        {1911-1925},
  annote =       {#60,exponential integrators,Krylov methods}
}
