@article{B_bachelor_thesis,
  author       = {R. Bourquin},
  howpublished = {\url{http://www.sam.math.ethz.ch/~raoulb/research/bachelor_thesis/tex/main.pdf}},
  note         = {\url{http://www.sam.math.ethz.ch/~raoulb/research/bachelor_thesis/tex/main.pdf}},
  title        = {Algorithms for non-adiabatic transitions with one-dimensional wavepackets},
  url          = {http://www.sam.math.ethz.ch/~raoulb/research/bachelor_thesis/tex/main.pdf},
  year         = {2010},
}

@article{B_spawning_thesis,
  author       = {R. Bourquin},
  howpublished = {\url{http://www.sam.math.ethz.ch/~raoulb/research/term_thesis/main.pdf}},
  note         = {\url{http://www.sam.math.ethz.ch/~raoulb/research/term_thesis/main.pdf}},
  title        = {Spawning of wave-packets in {1D} non-adiabatic transitions},
  url          = {http://www.sam.math.ethz.ch/~raoulb/research/term_thesis/main.pdf},
  year         = {2011},
}

@mastersthesis{B_master_thesis,
  author       = {R. Bourquin},
  howpublished = {\url{http://www.sam.math.ethz.ch/~raoulb/research/master_thesis/tex/main.pdf}},
  institution  = {ETH Zürich},
  note         = {\url{http://www.sam.math.ethz.ch/~raoulb/research/master_thesis/tex/main.pdf}},
  title        = {Wavepacket propagation in {D}-dimensional non-adiabatic crossings},
  type         = {mathesis},
  url          = {http://www.sam.math.ethz.ch/~raoulb/research/master_thesis/tex/main.pdf},
  year         = {2012},
}

@article{BGH_natac,
  affiliation  = {Seminar for Applied Mathematics, ETH Zürich, 8092 Zürich, Switzerland},
  author       = {R. Bourquin and V. Gradinaru and G.A. Hagedorn},
  journal      = {Journal of Mathematical Chemistry},
  journaltitle = {Journal of Mathematical Chemistry},
  keyword      = {Chemistry and Materials Science},
  pages        = {602-619},
  publisher    = {Springer Netherlands},
  title        = {Non-adiabatic transitions near avoided crossings: theory and numerics},
  volume       = {50},
  year         = {2012},
}

@techreport{D_morse,
  author       = {P. Debus},
  howpublished = {unpublished},
  title        = {Towards {Morse}-wavepackets for time stepping algorithms},
  type         = {techreport},
  url          = {https://github.com/raoulbq/TeX/blob/master/Morse/main.tex},
  year         = {2014},
}

@techreport{BG_nsd,
  author       = {R. Bourquin and V. Gradinaru},
  howpublished = {\url{http://www.sam.math.ethz.ch/sam_reports/index.php?id=2015-11}},
  institution  = {Seminar for Applied Mathematics, ETH Zürich},
  location     = {Switzerland},
  note         = {\url{http://www.sam.math.ethz.ch/sam_reports/index.php?id=2015-11}},
  number       = {2015-12},
  title        = {Numerical Steepest Descent for Overlap Integrals of Semiclassical Wavepackets},
  type         = {techreport},
  url          = {http://www.sam.math.ethz.ch/sam_reports/index.php?id=2015-12},
  year         = {2015},
}

@techreport{B_kes,
  author       = {R. Bourquin},
  howpublished = {\url{http://www.sam.math.ethz.ch/sam_reports/index.php?id=2015-11}},
  institution  = {Seminar for Applied Mathematics, ETH Zürich},
  location     = {Switzerland},
  note         = {\url{http://www.sam.math.ethz.ch/sam_reports/index.php?id=2015-11}},
  number       = {2015-11},
  title        = {Exhaustive search for higher-order {Kronrod}-{Patterson} Extensions},
  type         = {techreport},
  url          = {http://www.sam.math.ethz.ch/sam_reports/index.php?id=2015-11},
  year         = {2015},
}

@article{B_kes_paper,
  author = {R. Bourquin},
  title  = {Exhaustive search for higher-order {Kronrod}-{Patterson} Extensions (Short Version)},
  year   = {2016},
}

@misc{waveblocks,
  author       = {R. Bourquin and V. Gradinaru},
  howpublished = {\url{https://github.com/WaveBlocks/WaveBlocks}},
  title        = {{WaveBlocks}: Reusable building blocks for simulations with semiclassical wavepackets},
  url          = {https://github.com/WaveBlocks/WaveBlocks},
  year         = {2010 - 2016},
}

@misc{waveblocksnd,
  author       = {R. Bourquin and V. Gradinaru},
  howpublished = {\url{https://github.com/WaveBlocks/WaveBlocksND}},
  title        = {{WaveBlocks}: Reusable building blocks for simulations with semiclassical wavepackets},
  url          = {https://github.com/WaveBlocks/WaveBlocksND},
  year         = {2010 - 2016},
}

@misc{libwaveblocks,
  author       = {R. Bourquin and M. Bösch and L. Miserez and B. Vartok},
  howpublished = {\url{https://github.com/WaveBlocks/libwaveblocks}},
  title        = {{libwaveblocks}: {C++} library for simulations with semiclassical wavepackets},
  url          = {https://github.com/WaveBlocks/libwaveblocks},
  year         = {2015, 2016},
}

@misc{kes,
  author       = {R. Bourquin},
  howpublished = {\url{https://github.com/raoulbq/kes}},
  title        = {Exhaustive search for higher-order {Kronrod}-{Patterson} Extensions},
  url          = {https://github.com/raoulbq/kes},
  year         = {2014, 2015},
}

