@misc{eigenweb,
  author       = {Gaël Guennebaud and Benoît Jacob and others},
  howpublished = {\url{http://eigen.tuxfamily.org}},
  title        = {Eigen v3},
  year         = {2010},
}

@misc{eigen3-hdf5,
  author       = {James R. Garrison},
  howpublished = {\url{https://github.com/garrison/eigen3-hdf5}},
  title        = {eigen3-hdf5},
  year         = {2013},
}

@article{C_CRTP,
  author       = {James O., Coplien},
  howpublished = {\url{http://sites.google.com/a/gertrudandcope.com/info/Publications/InheritedTemplate.pdf}},
  journal      = {C++ Report},
  journaltitle = {C++ Report},
  note         = {\url{http://sites.google.com/a/gertrudandcope.com/info/Publications/InheritedTemplate.pdf}},
  pages        = {24--27},
  title        = {Curiously Recurring Template Patterns},
  year         = {1995},
}

@misc{euler_cluster,
  author       = {Swiss Federal Institute of Technology Zurich},
  howpublished = {\url{http://clusterwiki.ethz.ch/brutus/Getting_started_with_Euler}},
  title        = {Euler Cluster},
  year         = {2015},
}

@misc{googletest,
  author = {Billy Donahue},
  howpublished = {\url{https://github.com/google/googletest}},
  title = {{GoogleTest}},
  year = {2008},
}

@misc{googletestdoc,
  author = {Billy Donahue},
  howpublished = {\url{https://github.com/google/googletest/tree/master/googletest/docs}},
  title = {{GoogleTest Documentation}},
  year = {2008},
}

@misc{hdf5cppdoc,
	author = {HDF Group},
	howpublished = {\url{https://www.hdfgroup.org/HDF5/doc/cpplus_RM/index.html}},
	title = {{HDF5} {C++} {Documentation}},
	year = {2001},
}

@misc{hdf5cdoc,
	author = {HDF Group},
	howpublished = {\url{https://www.hdfgroup.org/HDF5/doc1.6/RM_H5Front.html}},
	title = {{HDF5} {C} {Documentation}},
	year = {2001},
}

@misc{hdfgroup,
	author = {HDF Group},
	howpublished = {\url{https://www.hdfgroup.org/}},
	title = {{HDF} {Group}},
	year = {1994},
}

@article{bt_michajab,
    author = {Michaja B\"osch},
    title = {Efficient implementation of {Hagedorn} wavepackets in {C++}},
    year = {2015},
}

@article{bt_lionelm,
    author = {Lionel Miserez},
    title = {Porting {WaveBlocksND} {Matrix} {Potential} {Functionality} to {C++}},
    year = {2015},
}

@article{st_benedekv,
    author = {Benedek Vartok},
    title = {Implementation of {WaveBlocksND’s} {Quadrature} and {Inner} {Products} in {C++}},
    year = {2015},
}

