@book{AandS,
  author    = {M. Abramowitz and I. Stegun},
  edition   = {10th printing with corrections},
  publisher = {Dover},
  title     = {Handbook of Mathematical Functions with Formulas, Graphs, and Mathematical Tables},
  year      = {1972},
}

@article{H_ladder_operators,
  author       = {George A. Hagedorn},
  doi          = {10.1006/aphy.1998.5843},
  issn         = {0003-4916},
  journal      = {Annals of Physics},
  journaltitle = {Ann. Phys.},
  number       = {1},
  pages        = {77--104},
  title        = {Raising and Lowering Operators for Semiclassical Wave Packets},
  volume       = {269},
  year         = {1998},
}

@article{FGL_semiclassical_dynamics,
  author       = {Erwan Faou and Vasile Gradinaru and Christian Lubich},
  journal      = {SIAM Journal on Scientific Computing},
  journaltitle = {SIAM J. Sci. Comput.},
  number       = {4},
  pages        = {3027--3041},
  title        = {Computing semiclassical quantum dynamics with {Hagedorn} wavepackets},
  url          = {http://dx.doi.org/10.1137/080729724},
  volume       = {31},
  year         = {2009},
}

@article{GHJ_tunneling_spawning,
  author       = {Vasile Gradinaru and George A. Hagedorn and Alain Joye},
  doi          = {10.1063/1.3429607},
  journal      = {Journal of Chemical Physics},
  journaltitle = {Journal of Chemical Physics},
  title        = {Tunneling dynamics and spawning with adaptive semiclassical wave packets},
  volume       = {132},
  year         = {2010},
}

@article{GHJ_exponentially_accurate,
  author       = {Vasile Gradinaru and George A. Hagedorn and Alain Joye},
  journal      = {Journal of Physics A: Mathematical and Theoretical},
  journaltitle = {Journal of Physics A: Mathematical and Theoretical},
  number       = {47},
  pages        = {474026},
  title        = {Exponentially accurate semiclassical tunneling wavefunctions in one dimension},
  url          = {http://arxiv.org/abs/1003.3280},
  volume       = {43},
  year         = {2010},
}

@article{H_semiclassical_i,
  author       = {George A. Hagedorn},
  doi          = {http://dx.doi.org/10.1007/BF01230088},
  journal      = {Communications in Mathematical Physics},
  journaltitle = {Comm. Math. Phys.},
  number       = {1},
  pages        = {77--93},
  title        = {Semiclassical quantum mechanics. {I}: {The} {$\hbar \rightarrow 0$} Limit for Coherent States},
  volume       = {71},
  year         = {1980},
}

@article{H_semiclassical_iii,
  author       = {George A. Hagedorn},
  doi          = {10.1016/0003-4916(81)90143-3},
  issn         = {0003-4916},
  journal      = {Annals of Physics},
  journaltitle = {Annals of Physics},
  number       = {1},
  pages        = {58--70},
  title        = {Semiclassical quantum mechanics {III}: {The} large order asymptotics and more general states},
  volume       = {135},
  year         = {1981},
}

@article{H_semiclassical_iv,
  author       = {George A. Hagedorn},
  journal      = {Annales de l'Institut Henri Poincaré. Physique Théorique},
  journaltitle = {Ann. Inst. H. Poincaré Phys. Théor.},
  number       = {4},
  pages        = {363--374},
  title        = {Semiclassical quantum mechanics. {IV}. {Large} order asymptotics and more general states in more than one dimension},
  volume       = {42},
  year         = {1985},
}

@article{H_classification,
  author       = {George A. Hagedorn},
  journal      = {Journal of Physics A: Mathematical and General},
  journaltitle = {Journal of Physics A: Mathematical and General},
  pages        = {369},
  publisher    = {IOP Publishing},
  title        = {Classification and normal forms for avoided crossings of quantum-mechanical energy levels},
  volume       = {31},
  year         = {1998},
}

@article{Gradinaru_strangsplitting,
  author       = {V. Gradinaru},
  doi          = {10.1137/050629823},
  journal      = {SIAM Journal on Numerical Analysis},
  journaltitle = {SIAM J. Numer. Anal.},
  number       = {1},
  pages        = {103--123},
  title        = {Strang splitting for the time dependent {Schrödinger} equation on sparse grids},
  volume       = {46},
  year         = {2007/08},
}

@unpublished{GRH11,
  author = {V. Gradinaru and G. A. Hagedorn},
  note   = {in preparation},
  title  = {A Time-Splitting for the Semiclassical {Schrödinger} Equation},
  year   = {2011},
}

@article{GH_convsemiclassical,
  author       = {Vasile Gradinaru and George A. Hagedorn},
  doi          = {10.1007/s00211-013-0560-6},
  journal      = {Numerische Mathematik},
  journaltitle = {Numerische Mathematik},
  number       = {1},
  pages        = {53--73},
  title        = {Convergence of a semiclassical wavepacket based time-splitting for the {Schrödinger} equation},
  volume       = {126},
  year         = {2014},
}

@article{GRA07b,
  author       = {V. Gradinaru},
  doi          = {10.1007/s00607-007-0225-3},
  fjournal     = {Computing. Archives for Scientific Computing},
  journaltitle = {Computing},
  number       = {1},
  pages        = {1--22},
  title        = {Fourier transform on sparse grids: code design and the time dependent {Schrödinger} equation},
  volume       = {80},
  year         = {2007},
}

@article{FaG08,
  author       = {E. Faou and V. Gradinaru},
  doi          = {10.1093/imanum/drn041},
  journaltitle = {IMA Journal of Numerical Analysis},
  title        = {Gauss-{Hermite} wavepacket dynamics: convergence of the spectral and pseudo-spectral approximations},
  year         = {2008},
}

