@article{SIZ_hg2,
  author       = {B Stefanov and O Iordanov and L Zarkova},
  journaltitle = {Journal of Physics B: Atomic and Molecular Physics},
  number       = {2},
  pages        = {239},
  title        = {Interaction potential in {${}^1\Sigma_g{}^+Hg_2$} : fit to the experimental data},
  volume       = {15},
  year         = {1982},
}

