@article{mpfr,
 author = {Fousse, Laurent and Hanrot, Guillaume and Lef\`{e}vre, Vincent and P{\'e}lissier, Patrick and Zimmermann, Paul},
 title = {MPFR: A Multiple-precision Binary Floating-point Library with Correct Rounding},
 journal = {ACM Trans. Math. Softw.},
 volume = {33},
 number = {2},
 month = jun,
 year = {2007},
 doi = {10.1145/1236463.1236468},
 publisher = {ACM},
 address = {New York, NY, USA},
}

@misc{flint,
 author = {William Hart and Fredrik Johansson and Sebastian Pancratz},
 title = {{FLINT}: {F}ast {L}ibrary for {N}umber {T}heory},
 year = {2014},
 note = {\url{http://flintlib.org}}
}

@inproceedings{Hart2010,
 author = {William Hart},
 title = {{Fast Library for Number Theory: An Introduction}},
 booktitle = {Proceedings of the Third International Congress on Mathematical Software},
 series = {ICMS'10},
 year = {2010},
 location = {Kobe, Japan},
 pages = {88--91},
 numpages = {4},
 publisher = {Springer-Verlag},
 address = {Berlin, Heidelberg}
}

@misc{arb,
 author = {Fredrik Johansson},
 title = {{Arb}: {C} library for arbitrary-precision floating-point ball arithmetic},
 year = {2014},
 note = {\url{http://fredrikj.net/arb/}}
}

@TechReport{vdH:ball,
 author = {Joris van der Hoeven},
 title = {Ball arithmetic},
 institution = {HAL},
 year = {2009},
 note = {\url{http://hal.archives-ouvertes.fr/hal-00432152/fr/}}
}

@InProceedings{vdH:ball:greifswald,
 author = {Joris van der Hoeven},
 title = {Ball arithmetic},
 pages = {179--208},
 year = {2010},
 month = {February},
 number = {6},
 series = {Preprint-{Reihe} {Mathematik}},
 booktitle = {Logical approaches to Barriers in Computing and Complexity}
}

@article{mehrotra-papp,
 author = {Sanjay Mehrotra and Dávid Papp},
 title = {Generating nested quadrature formulas for general weight functions with known moments},
 journal = {ArXiv e-prints},
 eprint = {1203.1554},
 year = 2012,
 month = mar,
 note = {\url{http://arxiv.org/abs/1203.1554}}
}

@article{monegato1976,
 jstor_articletype = {research-article},
 title = {A Note on Extended Gaussian Quadrature Rule},
 author = {Giovanni Monegato},
 journal = {Mathematics of Computation},
 volume = {30},
 number = {136},
 pages = {pp. 812-817},
 issn = {00255718},
 year = {1976},
 publisher = {American Mathematical Society},
}

@article{kahaner-monegato,
 year = {1978},
 issn = {0044-2275},
 journal = {Zeitschrift für angewandte Mathematik und Physik ZAMP},
 volume = {29},
 number = {6},
 doi = {10.1007/BF01590820},
 title = {Nonexistence of extended Gauss-Laguerre and Gauss-Hermite quadrature rules with positive weights},
 url = {http://dx.doi.org/10.1007/BF01590820},
 publisher = {Birkhäuser-Verlag},
 author = {David K. Kahaner and Giovanni Monegato},
 pages = {983-986},
}

@article{patterson1968,
 title = {The Optimum Addition of Points to Quadrature Formulae},
 author = {Patterson, T. N. L.},
 journal = {Mathematics of Computation},
 volume = {22},
 number = {104},
 pages = {pp. 847-856+s21-s31},
 issn = {00255718},
 year = {1968},
 publisher = {American Mathematical Society},
}

@book {kronrod,
 author = {Aleksandr Semenovich Kronrod},
 title = {Nodes and weights of quadrature formulas. {S}ixteen-place tables},
 series = {Authorized translation from the Russian},
 publisher = {Consultants Bureau, New York},
 year = {1965},
 pages = {vii+143},
}

@article{laurie,
 author = {Dirk P. Laurie},
 title = {Calculation of Gauss–Kronrod Quadrature Rules},
 journal = {Mathematics of Computation},
 year = {1997},
 pages = {1133--1145}
}

@article{szegoe,
 year = {1935},
 issn = {0025-5831},
 journal = {Mathematische Annalen},
 volume = {110},
 number = {1},
 doi = {10.1007/BF01448041},
 title = {Über gewisse orthogonale Polynome, die zu einer oszillierenden Belegungsfunktion gehören},
 url = {http://dx.doi.org/10.1007/BF01448041},
 publisher = {Springer-Verlag},
 author = {Gábor Szegő},
 pages = {501-513}
}

@article {gautschi-notaris,
 author = {Walter Gautschi and Sotorios E. Notaris},
 title = {An algebraic study of {G}auss-{K}ronrod quadrature formulae for {J}acobi weight functions},
 journal = {Math. Comp.},
 fjournal = {Mathematics of Computation},
 volume = {51},
 year = {1988},
 number = {183},
 pages = {231--248},
 issn = {0025-5718},
 doi = {10.2307/2008588},
 url = {http://dx.doi.org/10.2307/2008588},
}

@article{gautschi,
 title = "Gauss–Kronrod quadrature formulae for weight functions of Bernstein–Szegő type",
 journal = "Journal of Computational and Applied Mathematics ",
 volume = "25",
 number = "2",
 pages = "199 - 224",
 year = "1989",
 issn = "0377-0427",
 doi = "http://dx.doi.org/10.1016/0377-0427(89)90047-2",
 author = "Walter Gautschi and Sotorios E. Notaris",
}

@article{notaris1990,
 title = "Gauss-Kronrod quadrature formulae for weight functions of Bernstein-Szegő type, II",
 journal = "Journal of Computational and Applied Mathematics ",
 volume = "29",
 number = "2",
 pages = "161 - 169",
 year = "1990",
 issn = "0377-0427",
 doi = "http://dx.doi.org/10.1016/0377-0427(90)90355-4",
 author = "Sotorios E. Notaris"
}

@article {gautschi-rivlin,
 author = {Walter Gautschi and Theodore J. Rivlin},
 title = {A family of {G}auss-{K}ronrod quadrature formulae},
 journal = {Math. Comp.},
 fjournal = {Mathematics of Computation},
 volume = {51},
 year = {1988},
 number = {184},
 pages = {749--754},
 issn = {0025-5718},
 doi = {10.2307/2008774},
 url = {http://dx.doi.org/10.2307/2008774},
}

@article{monegato1982,
 author = {Giovanni Monegato},
 title = {Stieltjes Polynomials and Related Quadrature Rules},
 journal = {SIAM Review},
 volume = {24},
 number = {2},
 pages = {137-158},
 year = {1982},
 doi = {10.1137/1024039},
}

@article{monegato1978,
 author = {Giovanni Monegato},
 title = {Positivity of the weights of extended {G}auss-{L}egendre quadrature rules},
 journal = {Math. Comp.},
 fjournal = {Mathematics of Computation},
 volume = {32},
 year = {1978},
 number = {141},
 pages = {243--245},
 issn = {0025-5718},
}

@article{monegato1978_2,
 title = {Some Remarks on the Construction of Extended Gaussian Quadrature Rules},
 author = {Giovanni Monegato},
 journal = {Mathematics of Computation},
 volume = {32},
 number = {141},
 pages = {pp. 247-252},
 url = {http://www.jstor.org/stable/2006272},
 issn = {00255718},
 language = {English},
 year = {1978},
 publisher = {American Mathematical Society},
 copyright = {Copyright © 1978 American Mathematical Society},
}

@article{vladislav,
 author = {Daniel Vladislav},
 title = {Construction of Gauss-Kronrod-Hermite Quadrature and Cubature Formulas},
 year = {2004},
}

@incollection{monegato1978_3,
 year = {1979},
 isbn = {978-3-7643-1014-1},
 booktitle = {Numerische Integration},
 volume = {45},
 series = {International Series of Numerical Mathematics / Internationale Schriftenreihe zur Numerischen Mathematik / Série Internationale D’Analyse Numérique},
 editor = {Hämmerlin, G.},
 doi = {10.1007/978-3-0348-6288-2_18},
 title = {An Overview of Results and Questions Related to Kronrod Schemes},
 url = {http://dx.doi.org/10.1007/978-3-0348-6288-2_18},
 publisher = {Birkhäuser Basel},
 author = {Monegato, Giovanni},
 pages = {231-240}
}

@article{genz,
 author = {Alan Genz},
 title = {Fully Symmetric Interpolatory Rules for Multiple Integrals},
 journal = {SIAM Journal on Numerical Analysis},
 volume = {23},
 number = {6},
 pages = {1273-1283},
 year = {1986},
 doi = {10.1137/0723086}
}

@article{genz_keister,
 author = {Alan Genz and Bradley D. Keister},
 title = {Fully Symmetric Interpolatory Rules for Multiple Integrals over Infinite Regions with Gaussian Weight},
 journal = {Journal of Computational and Applied Mathematics},
 volume = {71},
 number = {2},
 pages = {299 - 309},
 year = {1996},
 doi = {http://dx.doi.org/10.1016/0377-0427(95)00232-4}
}

@article{serra-sagrista,
 author = {Joan Serra-Sagrist\`{a}},
 title = {Enumeration of Lattice Points in L1 Norm},
 journal = {Inf. Process. Lett.},
 issue_date = {Nov. 2000},
 volume = {76},
 number = {1-2},
 month = nov,
 year = {2000},
 pages = {39--44},
 doi = {10.1016/S0020-0190(00)00119-8},
 publisher = {Elsevier North-Holland, Inc.},
}

@article{novak_ritter,
 author = {Erich Novak and Klaus Ritter},
 title = {Simple Cubature Formulas with High Polynomial Exactness},
 year = {1999},
 issn = {0176-4276},
 journal = {Constructive Approximation},
 volume = {15},
 number = {4},
 pages = {499-522},
 doi = {10.1007/s003659900119},
 publisher = {Springer-Verlag}
}

@book{holtz,
 author = "Markus Holtz",
 title = "{Sparse Grid Quadrature in High Dimensions with Applications in Finance and Insurance}",
 publisher = "Springer",
 series = "Lecture Notes in Computational Science and Engineering",
 year = "2011",
}

@article{kahaner_waldvogel_fullerton,
 author = {David K. Kahaner and Jörg Waldvogel and L. W. Fullerton},
 title = {Addition of Points to Gauss–Laguerre Quadrature Formulas},
 journal = {SIAM Journal on Scientific and Statistical Computing},
 volume = {5},
 number = {1},
 pages = {42-55},
 year = {1984},
 doi = {10.1137/0905003},
}

@article{tucker,
 author = "Gustavo Avila and Tucker Carrington",
 title = "Nonproduct quadrature grids for solving the vibrational Schrödinger equation",
 journal = "The Journal of Chemical Physics",
 year = "2009",
 volume = "131",
 number = "17",
 doi = "http://dx.doi.org/10.1063/1.3246593"
}
