@article{B_bachelor_thesis,
  author = {Bourquin, Raoul},
  title = {Algorithms for non-adiabatic transitions with one-dimensional wavepackets},
  url = {\url{http://www.sam.math.ethz.ch/~raoulb/research/bachelor_thesis/tex/main.pdf}},
  year = {2010},
  howpublished = {\url{http://www.sam.math.ethz.ch/~raoulb/research/bachelor_thesis/tex/main.pdf}},
  note = {\url{http://www.sam.math.ethz.ch/~raoulb/research/bachelor_thesis/tex/main.pdf}}
}

@article{B_spawning_thesis,
  author = {Bourquin, Raoul},
  title = {Spawning of wave-packets in 1D non-adiabatic transitions},
  url = {\url{http://www.sam.math.ethz.ch/~raoulb/research/term_thesis/main.pdf}},
  year = {2011},
  howpublished = {\url{http://www.sam.math.ethz.ch/~raoulb/research/term_thesis/main.pdf}},
  note = {\url{http://www.sam.math.ethz.ch/~raoulb/research/term_thesis/main.pdf}}
}

@article{B_master_thesis,
  author = {Bourquin, Raoul},
  title = {Wavepacket propagation in D-dimensional non-adiabatic crossings},
  url = {\url{http://www.sam.math.ethz.ch/~raoulb/research/master_thesis/tex/main.pdf}},
  year = {2012},
  howpublished = {\url{http://www.sam.math.ethz.ch/~raoulb/research/master_thesis/tex/main.pdf}},
  note = {\url{http://www.sam.math.ethz.ch/~raoulb/research/master_thesis/tex/main.pdf}}
}

@article{BGH_nonadibatic_algorithms,
  author = {Bourquin, Raoul and Gradinaru, Vasile and Hagedorn, George},
  day = {30},
  doi = {10.1007/s10910-011-9827-2},
  issn = {0259-9791},
  journal = {Journal of Mathematical Chemistry},
  month = apr,
  pages = {1--18},
  publisher = {Springer Netherlands},
  title = {Non-adiabatic transitions near avoided crossings: theory and numerics},
  year = {2011}
}

% Code

@misc{waveblocks,
  author = {Bourquin, Raoul and Gradinaru, Vasile},
  title = {{WaveBlocks}: Reusable building blocks for simulations with semiclassical wavepackets},
  year = {2010, 2011, 2012, 2013, 2014, 2015},
  url = {\url{https://github.com/raoulbq/WaveBlocks}},
  howpublished={\url{https://github.com/raoulbq/WaveBlocks}}
}

@misc{waveblocksnd,
  author = {Bourquin, Raoul and Gradinaru, Vasile},
  title = {{WaveBlocks}: Reusable building blocks for simulations with semiclassical wavepackets},
  year = {2010, 2011, 2012, 2013, 2014, 2015},
  url = {\url{https://github.com/raoulbq/WaveBlocksND}},
  howpublished={\url{https://github.com/raoulbq/WaveBlocksND}}
}

% Unfinished

@article{B_nsd_hawp,
  author = {Bourquin, Raoul},
  title = {Numerical Steepest Descent for Overlap Integrals of Semiclassical Wavepackets},
  year = {2014},
  note = {Unpublished}
}

@article{B_kes,
  author = {Bourquin, Raoul},
  title = {Exhaustive search for higher-order Kronrod-Patterson Extensions},
  year = {2014},
  note = {Unpublished}
}
