@misc{eigenweb,
  author       = {Gaël Guennebaud and Benoît Jacob and others},
  howpublished = {\url{http://eigen.tuxfamily.org}},
  title        = {Eigen v3},
  year         = {2010},
}

