@book{NMfSF,
  author    = {Gil, A. and Segura, J. and Temme, N.},
  doi       = {10.1137/1.9780898717822},
  publisher = {Society for Industrial and Applied Mathematics},
  title     = {Numerical Methods for Special Functions},
  year      = {2007},
}

@article{Temme1997,
  author       = {Temme, N.M.},
  doi          = {10.1023/A:1019197921337},
  issn         = {1572-9265},
  journaltitle = {Numerical Algorithms},
  number       = {2},
  pages        = {207--225},
  title        = {Numerical algorithms for uniform Airy-type asymptotic expansions},
  volume       = {15},
  year         = {1997},
}

@article{Temme1994,
  author       = {A. B. Olde Daalhuis and N. M. Temme},
  doi          = {10.1137/S0036141090187685},
  journaltitle = {SIAM Journal on Mathematical Analysis},
  number       = {2},
  pages        = {304-321},
  title        = {Uniform Airy-Type Expansions of Integrals},
  volume       = {25},
  year         = {1994},
}

@article{Paris2002323,
  author       = {R. B. Paris},
  doi          = {http://dx.doi.org/10.1016/S0377-0427(02)00553-8},
  issn         = {0377-0427},
  journal      = {Journal of Computational and Applied Mathematics},
  journaltitle = {Journal of Computational and Applied Mathematics},
  note         = {},
  number       = {2},
  pages        = {323 - 339},
  title        = {A uniform asymptotic expansion for the incomplete gamma function},
  volume       = {148},
  year         = {2002},
}

@article{Asheim2014,
  author       = {Andreas Asheim and Alfredo Deaño and Daan Huybrechs and Haiyong Wang},
  doi          = {10.3934/dcds.2014.34.883},
  issn         = {1078-0947},
  journaltitle = {Discrete and Continuous Dynamical Systems},
  note         = {},
  number       = {3},
  pages        = {883-901},
  title        = {A Gaussian quadrature rule for oscillatory integrals on a bounded interval},
  volume       = {34},
  year         = {2014},
}

@article{Taubmann1992,
  author       = {G. Taubmann},
  doi          = {http://dx.doi.org/10.1016/0010-4655(92)90179-3},
  issn         = {0010-4655},
  journal      = {Computer Physics Communications},
  journaltitle = {Computer Physics Communications},
  number       = {2},
  pages        = {415 - 419},
  title        = {Parabolic cylinder functions U(n, x) for natural n and positive x},
  volume       = {69},
  year         = {1992},
}

@article{Segura1998,
  author       = {J. Segura and A. Gil},
  doi          = {http://dx.doi.org/10.1016/S0010-4655(98)00097-6},
  issn         = {0010-4655},
  journal      = {Computer Physics Communications},
  journaltitle = {Computer Physics Communications},
  number       = {1},
  pages        = {69 - 86},
  title        = {Parabolic cylinder functions of integer and half-integer orders for nonnegative arguments},
  volume       = {115},
  year         = {1998},
}

@article{Temme2000,
  author       = {Nico M. Temme},
  doi          = {http://dx.doi.org/10.1016/S0377-0427(00)00347-2},
  issn         = {0377-0427},
  journaltitle = {Journal of Computational and Applied Mathematics},
  number       = {1–2},
  pages        = {221 - 246},
  title        = {Numerical and asymptotic aspects of parabolic cylinder functions},
  volume       = {121},
  year         = {2000},
}
