@misc{Gradinaru_strangsplitting,
  author = {Vasile Gradinaru},
  title  = {Strang splitting for the time dependent Schrödinger equation on sparse grids},
}

@article{Golub_Welsch_algorithm,
  author       = {Gene H. Golub and John H. Welsch},
  journaltitle = {Mathematics of Computation},
  month        = {04},
  number       = {106},
  pages        = {221--230},
  publisher    = {STANFORD UNIV CALIF DEPT OF COMPUTER SCIENCE},
  title        = {{Calculation of Gauss quadrature rules}},
  volume       = {23},
  year         = {1967},
}

@misc{Gradinaru_semiclassical_tunneling,
  author = {Vasile Gradinaru and George A. Hagedorn and Alain Joye},
  title  = {Exponentially Accurate Semiclassical Tunneling Wave Functions in One Dimension},
  url    = {http://arxiv.org/abs/1003.3280},
  year   = {2010},
}

@misc{FGL_semiclassical_dynamics,
  author = {Erwan Faou and Vasile Gradinaru and Christian Lubich},
  title  = {Computing semi-classical quantum dynamics with Hagedorn wavepackets},
  url    = {http://dx.doi.org/10.1137/080729724},
  year   = {2009},
}

@misc{GHJ_tunneling_spawning,
  author = {Vasile Gradinaru and George A. Hagedorn and Alain Joye},
  doi    = {DOI: 10.1063/1.3429607},
  title  = {Tunneling dynamics and spawning with adaptive semiclassical wave packets},
  year   = {2010},
}

@article{H_ladder_operators,
  author       = {George A. Hagedorn},
  doi          = {DOI: 10.1006/aphy.1998.5843},
  issn         = {0003-4916},
  journaltitle = {Annals of Physics},
  number       = {1},
  pages        = {77--104},
  title        = {Raising and Lowering Operators for Semiclassical Wave Packets},
  volume       = {269},
  year         = {1998},
}

@article{H_semiclassical_iii,
  author       = {George A. Hagedorn},
  doi          = {DOI: 10.1016/0003-4916(81)90143-3},
  issn         = {0003-4916},
  journaltitle = {Annals of Physics},
  number       = {1},
  pages        = {58--70},
  title        = {Semiclassical quantum mechanics {III}: The large order asymptotics and more general states},
  volume       = {135},
  year         = {1981},
}

@article{H_semiclassical_i,
  author       = {George A. Hagedorn},
  doi          = {http://dx.doi.org/10.1007/BF01230088},
  journaltitle = {Communications in Mathematical Physics},
  number       = {1},
  pages        = {77--93},
  title        = {Semiclassical quantum mechanics {I}: The $\hbar \rightarrow 0$ Limit for Coherent States.},
  volume       = {71},
  year         = {1980},
}

@article{matexp,
  author       = {Dennis Bernstein and Wasin So},
  journaltitle = {IEEE Transactions on Automatic Control},
  number       = {8},
  pages        = {1228--1232},
  title        = {{Some explicit formulas for the matrix exponential}},
  volume       = {38},
  year         = {1993},
}

@article{moler_nineteen,
  author       = {C. Moler and C. {Van Loan}},
  journaltitle = {SIAM Review},
  number       = {4},
  pages        = {801--836},
  title        = {{Nineteen dubious ways to compute the matrix exponential}},
  volume       = {20},
  year         = {1978},
}

@article{moler_nineteen_later,
  author       = {C. Moler and C. {Van Loan}},
  journaltitle = {SIAM review},
  number       = {1},
  pages        = {3--49},
  publisher    = {JSTOR},
  title        = {{Nineteen dubious ways to compute the exponential of a matrix, twenty-five years later}},
  volume       = {45},
  year         = {2003},
}

@article{H_classification,
  author       = {George A. Hagedorn},
  journaltitle = {Journal of Physics A: Mathematical and General},
  pages        = {369},
  publisher    = {IOP Publishing},
  title        = {{Classification and normal forms for avoided crossings of quantum-mechanical energy levels}},
  volume       = {31},
  year         = {1998},
}

@manual{sympy,
  author = {{SymPy Development Team}},
  title  = {SymPy: Python library for symbolic mathematics},
  url    = {http://www.sympy.org},
  year   = {2009},
}

@manual{ascher.dubois.hinsen.hugunin.oliphant-1999-np,
  author       = {David Ascher and Paul F. Dubois and Konrad Hinsen and James Hugunin and Travis Oliphant},
  edition      = {UCRL-MA-128569},
  keywords     = {numpy},
  location     = {Livermore, CA},
  organization = {Lawrence Livermore National Laboratory},
  title        = {Numerical Python},
  year         = {1999},
}

@article{dubois.hinsen.hugunin-1996-cp,
  author       = {Paul F. Dubois and Konrad Hinsen and James Hugunin},
  journaltitle = {Computers in Physics},
  keywords     = {numpy},
  month        = {May/June},
  number       = {3},
  title        = {Numerical Python},
  volume       = {10},
  year         = {1996},
}

@article{dubois-1999-cse,
  author       = {Paul F. Dubois},
  journaltitle = {Computing Science and Engineering},
  keywords     = {numpy},
  month        = {Sep/Oct},
  number       = {5},
  pages        = {66--73},
  title        = {Extending Python with Fortran},
  volume       = {1},
  year         = {1999},
}

@manual{oliphant-2006-guide,
  author      = {Travis E. Oliphant},
  institution = {Brigham Young University},
  keywords    = {numpy},
  location    = {Provo, UT},
  month       = {03},
  title       = {Guide to NumPy},
  url         = {http://www.tramy.us/},
  year        = {2006},
}

@misc{scipy,
  author = {Eric Jones and Travis Oliphant and Pearu Peterson and others},
  title  = {{SciPy}: Open source scientific tools for {Python}},
  url    = {http://www.scipy.org/},
  year   = {2001--},
}

@book{AandS,
  author    = {M. Abramowitz and I. Stegun},
  edition   = {10th printing with corrections},
  note      = {Equation 25.4.46},
  publisher = {Dover},
  title     = {Handbook of Mathematical Functions with Formulas, Graphs, and Mathematical Tables},
  year      = {1972},
}

@article{H_R_quantization_rules,
  author       = {George A. Hagedorn and Sam L. Robinson},
  fjournal     = {Journal of Physics. A. Mathematical and General},
  journaltitle = {J. Phys. A},
  number       = {50},
  pages        = {10113--10130},
  title        = {Bohr-{S}ommerfeld quantization rules in the semiclassical limit},
  url          = {http://dx.doi.org/10.1088/0305-4470/31/50/009},
  volume       = {31},
  year         = {1998},
}

@book{S_Teufel,
  author    = {S. Teufel},
  publisher = {Springer Verlag},
  title     = {{Adiabatic perturbation theory in quantum dynamics}},
  year      = {2003},
}

@article{H_T_semiclassical_2x2,
  author       = {George A. Hagedorn and Julio H. Toloza},
  journaltitle = {Journal of Mathematical Analysis and Applications},
  number       = {1},
  pages        = {300--329},
  title        = {Exponentially Accurate Semiclassical Asymptotics of Low-Lying Eigenvalues for $2 \times 2$ Matrix Schrödinger Operators},
  volume       = {312},
  year         = {2005},
}

@article{J_C_operator_splitting,
  author       = {Tobias Jahnke and Christian Lubich},
  issue        = {4},
  journaltitle = {BIT Numerical Mathematics},
  pages        = {735--744},
  publisher    = {Springer Netherlands},
  title        = {Error Bounds for Exponential Operator Splittings},
  url          = {http://dx.doi.org/10.1023/A:1022396519656},
  volume       = {40},
  year         = {2000},
}

