@article{SIZ_hg2,
  author       = {B Stefanov and O Iordanov and L Zarkova},
  journal      = {Journal of Physics B: Atomic and Molecular Physics},
  journaltitle = {Journal of Physics B: Atomic and Molecular Physics},
  number       = {2},
  pages        = {239},
  title        = {Interaction potential in {${}^1\Sigma_g{}^+Hg_2$} : fit to the experimental data},
  volume       = {15},
  year         = {1982},
}

@article{Lasser,
  author       = {Caroline Lasser and Torben Swart},
  doi          = {10.1063/1.2954019},
  journal      = {The Journal of Chemical Physics},
  journaltitle = {The Journal of Chemical Physics},
  number       = {3},
  numpages     = {8},
  pages        = {034302},
  publisher    = {AIP},
  title        = {Single switch surface hopping for a model of pyrazine},
  url          = {http://link.aip.org/link/?JCP/129/034302/1},
  volume       = {129},
  year         = {2008},
}

@article{westermann,
  author       = {Till Westermann and Ralf Brodbeck and Alexander B. Rozhenko and Wolfgang Schoeller and Uwe Manthe},
  doi          = {10.1063/1.3658040},
  journal      = {The Journal of Chemical Physics},
  journaltitle = {The Journal of Chemical Physics},
  number       = {18},
  numpages     = {12},
  pages        = {184102},
  publisher    = {AIP},
  title        = {Photodissociation of methyl iodide embedded in a host-guest complex: A full dimensional (189D) quantum dynamics study of CH[sub 3]I@resorc[4]arene},
  url          = {http://link.aip.org/link/?JCP/135/184102/1},
  volume       = {135},
  year         = {2011},
}

@article{Xie_Guo_Amatatsu_Kosloff,
  author       = {Xie, Daiqian and Guo, Hua and Amatatsu, Yoshiaki and Kosloff, Ronnie},
  journal      = {The Journal of Physical Chemistry A},
  journaltitle = {The Journal of Physical Chemistry A},
  number       = {5},
  pages        = {1009--1019},
  title        = {Three-Dimensional Photodissociation Dynamics of Rotational State Selected Methyl Iodide},
  url          = {http://pubs.acs.org/doi/abs/10.1021/jp9932463},
  volume       = {104A},
  year         = {2000},
}

@article{Adhikari,
  author       = {Sardar, Subhankar and Paul, Amit Kumar and Sharma, Rahul and Adhikari, Satrajit},
  doi          = {10.1002/qua.22578},
  issn         = {1097-461X},
  journal      = {International Journal of Quantum Chemistry},
  journaltitle = {International Journal of Quantum Chemistry},
  number       = {12},
  pages        = {2741--2759},
  publisher    = {Wiley Subscription Services, Inc., A Wiley Company},
  title        = {A "classical" trajectory driven nuclear dynamics by a parallelized quantum-classical approach to a realistic model Hamiltonian of benzene radical cation},
  url          = {http://dx.doi.org/10.1002/qua.22578},
  volume       = {111},
  year         = {2011},
}

@article{Sardar,
  author       = {Sardar, Subhankar and Paul, Amit and Adhikari, Satrajit},
  doi          = {doi:10.1007/s12039-010-0084-x},
  journal      = {Journal of Chemical Sciences},
  journaltitle = {Journal of Chemical Sciences},
  number       = {4},
  pages        = {491-510},
  title        = {A quantum-classical simulation of the nuclear dynamics in NO 2 and C6H 6 + with realistic model Hamiltonian},
  url          = {http://www.ingentaconnect.com/content/klu/12039a/2010/00000122/00000004/00000084},
  volume       = {122},
  year         = {2010},
}

@article{lee_heller,
  author       = {Soo-Y. Lee and Eric J. Heller},
  doi          = {10.1063/1.443342},
  journal      = {The Journal of Chemical Physics},
  journaltitle = {The Journal of Chemical Physics},
  number       = {6},
  pages        = {3035-3044},
  publisher    = {AIP},
  title        = {Exact time-dependent wave packet propagation: Application to the photodissociation of methyl iodide},
  url          = {http://link.aip.org/link/?JCP/76/3035/1},
  volume       = {76},
  year         = {1982},
}

