@book{GKP,
  author    = {Graham, Ronald L. and Knuth, Donald E. and Patashnik, Oren},
  location  = {Boston, MA, USA},
  publisher = {Addison-Wesley Longman Publishing Co., Inc.},
  date      = {1994},
  edition   = {2nd},
  isbn      = {0201558025},
  title     = {Concrete Mathematics: A Foundation for Computer Science},
  year      = {1994},
}

@book{vca,
  author    = {Needham, T.},
  publisher = {Clarendon Press},
  date      = {1998},
  isbn      = {9780198534464},
  title     = {Visual Complex Analysis},
  year      = {1998},
}

@book{vcf,
  author    = {Wegert, E.},
  publisher = {Birkh√§user Basel},
  date      = {2012},
  doi       = {10.1007/978-3-0348-0180-5},
  isbn      = {978-3-0348-0179-9},
  title     = {Visual Complex Functions: An Introduction with Phase Portraits},
  year      = {2012},
}
