@article{mpfr,
  author       = {Fousse, Laurent and Hanrot, Guillaume and Lefèvre, Vincent and Pélissier, Patrick and Zimmermann, Paul},
  doi          = {10.1145/1236463.1236468},
  journal      = {ACM Trans. Math. Softw.},
  journaltitle = {ACM Trans. Math. Softw.},
  location     = {New York, NY, USA},
  month        = {06},
  number       = {2},
  publisher    = {ACM},
  title        = {{MPFR}: A Multiple-precision Binary Floating-point Library with Correct Rounding},
  volume       = {33},
  year         = {2007},
}

@misc{flint,
  author = {William Hart and Fredrik Johansson and Sebastian Pancratz},
  note   = {http://flintlib.org},
  title  = {{FLINT}: {Fast} {Library} for {Number} {Theory}},
  url    = {http://flintlib.org},
  year   = {2014},
}

@inproceedings{Hart2010,
  address   = {Berlin, Heidelberg},
  author    = {William Hart},
  booktitle = {Proceedings of the Third International Congress on Mathematical Software},
  location  = {Kobe, Japan},
  numpages  = {4},
  pages     = {88--91},
  publisher = {Springer-Verlag},
  series    = {ICMS'10},
  title     = {Fast Library for Number Theory: An Introduction},
  year      = {2010},
}

@misc{arb,
  author = {Fredrik Johansson},
  note   = {\url{http://fredrikj.net/arb/}},
  title  = {{Arb}: {C} library for arbitrary-precision floating-point ball arithmetic},
  url    = {http://fredrikj.net/arb/},
  year   = {2014},
}

@unpublished{vdH:ball,
  author      = {Joris van der Hoeven},
  institution = {HAL},
  month       = {11},
  note        = {\url{http://hal.archives-ouvertes.fr/hal-00432152}},
  title       = {Ball arithmetic},
  type        = {techreport},
  url         = {http://hal.archives-ouvertes.fr/hal-00432152},
  year        = {2009},
}

@inproceedings{vdH:ball:greifswald,
  author    = {Joris van der Hoeven},
  booktitle = {Logical approaches to Barriers in Computing and Complexity},
  month     = {2},
  number    = {6},
  pages     = {179--208},
  series    = {Preprint-{Reihe} {Mathematik}},
  title     = {Ball arithmetic},
  year      = {2010},
}

@article{mehrotra-papp,
  author       = {Sanjay Mehrotra and Dávid Papp},
  eprint       = {1203.1554},
  howpublished = {\url{http://www4.ncsu.edu/~papp/research.html}},
  journal      = {ArXiv e-prints},
  journaltitle = {ArXiv e-prints},
  month        = {3},
  note         = {\url{http://www4.ncsu.edu/~papp/research.html}},
  title        = {Generating nested quadrature formulas for general weight functions with known moments},
  url          = {http://arxiv.org/abs/1203.1554},
  year         = {2012},
}

@article{monegato1976,
  author            = {Giovanni Monegato},
  issn              = {00255718},
  journal           = {Mathematics of Computation},
  journaltitle      = {Mathematics of Computation},
  jstor_articletype = {research-article},
  number            = {136},
  pages             = {812-817},
  publisher         = {American Mathematical Society},
  title             = {A Note on Extended {Gaussian} Quadrature Rule},
  volume            = {30},
  year              = {1976},
}

@article{kahaner-monegato,
  author       = {David K. Kahaner and Giovanni Monegato},
  doi          = {10.1007/BF01590820},
  issn         = {0044-2275},
  journal      = {Zeitschrift für angewandte Mathematik und Physik ZAMP},
  journaltitle = {Zeitschrift für angewandte Mathematik und Physik ZAMP},
  number       = {6},
  pages        = {983-986},
  publisher    = {Birkhäuser-Verlag},
  title        = {Nonexistence of extended {Gauss}-{Laguerre} and {Gauss}-{Hermite} quadrature rules with positive weights},
  url          = {http://dx.doi.org/10.1007/BF01590820},
  volume       = {29},
  year         = {1978},
}

@article{patterson1968,
  author       = {Patterson, T. N. L.},
  issn         = {00255718},
  journal      = {Mathematics of Computation},
  journaltitle = {Mathematics of Computation},
  number       = {104},
  pages        = {847-856},
  publisher    = {American Mathematical Society},
  title        = {The Optimum Addition of Points to Quadrature Formulae},
  volume       = {22},
  year         = {1968},
}

@book{kronrod,
  author    = {Aleksandr Semenovich Kronrod},
  pages     = {vii+143},
  publisher = {Consultants Bureau, New York},
  series    = {Authorized translation from the Russian},
  title     = {Nodes and weights of quadrature formulas. {Sixteen}-place tables},
  year      = {1965},
}

@article{laurie,
  author       = {Dirk P. Laurie},
  journal      = {Mathematics of Computation},
  journaltitle = {Mathematics of Computation},
  pages        = {1133--1145},
  title        = {Calculation of {Gauss}-{Kronrod} Quadrature Rules},
  year         = {1997},
}

@article{szegoe,
  author       = {Gábor Szegő},
  doi          = {10.1007/BF01448041},
  issn         = {0025-5831},
  journal      = {Mathematische Annalen},
  journaltitle = {Mathematische Annalen},
  number       = {1},
  pages        = {501-513},
  publisher    = {Springer-Verlag},
  title        = {Über gewisse orthogonale {Polynome}, die zu einer oszillierenden {Belegungsfunktion} gehören},
  url          = {http://dx.doi.org/10.1007/BF01448041},
  volume       = {110},
  year         = {1935},
}

@article{gautschi-notaris,
  author       = {Walter Gautschi and Sotorios E. Notaris},
  doi          = {10.2307/2008588},
  fjournal     = {Mathematics of Computation},
  issn         = {0025-5718},
  journal      = {Math. Comp.},
  journaltitle = {Math. Comp.},
  number       = {183},
  pages        = {231--248},
  title        = {An algebraic study of {Gauss}-{Kronrod} quadrature formulae for {Jacobi} weight functions},
  url          = {http://dx.doi.org/10.2307/2008588},
  volume       = {51},
  year         = {1988},
}

@article{gautschi,
  author       = {Walter Gautschi and Sotorios E. Notaris},
  doi          = {http://dx.doi.org/10.1016/0377-0427(89)90047-2},
  issn         = {0377-0427},
  journal      = {Journal of Computational and Applied Mathematics},
  journaltitle = {Journal of Computational and Applied Mathematics},
  number       = {2},
  pages        = {199 - 224},
  title        = {{Gauss}-{Kronrod} quadrature formulae for weight functions of {Bernstein}-{Szegő} type},
  url          = {http://dx.doi.org/10.1016/0377-0427(89)90047-2},
  volume       = {25},
  year         = {1989},
}

@article{notaris1990,
  author       = {Sotorios E. Notaris},
  doi          = {http://dx.doi.org/10.1016/0377-0427(90)90355-4},
  issn         = {0377-0427},
  journal      = {Journal of Computational and Applied Mathematics},
  journaltitle = {Journal of Computational and Applied Mathematics},
  number       = {2},
  pages        = {161 - 169},
  title        = {{Gauss}-{Kronrod} quadrature formulae for weight functions of {Bernstein}-{Szegő} type, II},
  url          = {http://dx.doi.org/10.1016/0377-0427(90)90355-4},
  volume       = {29},
  year         = {1990},
}

@article{gautschi-rivlin,
  author       = {Walter Gautschi and Theodore J. Rivlin},
  doi          = {10.2307/2008774},
  issn         = {0025-5718},
  journal      = {Mathematics of Computation},
  journaltitle = {Math. Comp.},
  number       = {184},
  pages        = {749--754},
  title        = {A family of {Gauss}-{Kronrod} quadrature formulae},
  url          = {http://dx.doi.org/10.2307/2008774},
  volume       = {51},
  year         = {1988},
}

@article{monegato1982,
  author       = {Giovanni Monegato},
  doi          = {10.1137/1024039},
  journal      = {SIAM Review},
  journaltitle = {SIAM Review},
  number       = {2},
  pages        = {137-158},
  title        = {{Stieltjes} Polynomials and Related Quadrature Rules},
  volume       = {24},
  year         = {1982},
}

@article{monegato1978,
  author       = {Giovanni Monegato},
  issn         = {0025-5718},
  journal      = {Mathematics of Computation},
  journaltitle = {Math. Comp.},
  number       = {141},
  pages        = {243--245},
  title        = {Positivity of the weights of extended {Gauss}-{Legendre} quadrature rules},
  volume       = {32},
  year         = {1978},
}

@article{monegato1978_2,
  author       = {Giovanni Monegato},
  copyright    = {Copyright © 1978 American Mathematical Society},
  issn         = {00255718},
  journal      = {Mathematics of Computation},
  journaltitle = {Mathematics of Computation},
  language     = {English},
  number       = {141},
  pages        = {247-252},
  publisher    = {American Mathematical Society},
  title        = {Some Remarks on the Construction of Extended {Gaussian} Quadrature Rules},
  url          = {http://www.jstor.org/stable/2006272},
  volume       = {32},
  year         = {1978},
}

@article{vladislav,
  author       = {Daniel Vladislav},
  journal      = {MATHEMATICA},
  journaltitle = {MATHEMATICA},
  number       = {3},
  title        = {Construction of {Gauss}-{Kronrod}-{Hermite} Quadrature and Cubature Formulas},
  volume       = {XLIX},
  year         = {2004},
}

@incollection{monegato1978_3,
  author    = {Monegato, Giovanni},
  booktitle = {Numerische Integration},
  doi       = {10.1007/978-3-0348-6288-2_18},
  editor    = {Hämmerlin, G.},
  isbn      = {978-3-7643-1014-1},
  pages     = {231-240},
  publisher = {Birkhäuser Basel},
  series    = {International Series of Numerical Mathematics / {Internationale} {Schriftenreihe} zur {Numerischen} {Mathematik} / Série Internationale D’Analyse Numérique},
  title     = {An Overview of Results and Questions Related to {Kronrod} Schemes},
  url       = {http://dx.doi.org/10.1007/978-3-0348-6288-2_18},
  volume    = {45},
  year      = {1979},
}

@article{genz,
  author       = {Alan Genz},
  doi          = {10.1137/0723086},
  journal      = {SIAM Journal on Numerical Analysis},
  journaltitle = {SIAM Journal on Numerical Analysis},
  number       = {6},
  pages        = {1273-1283},
  title        = {Fully Symmetric Interpolatory Rules for Multiple Integrals},
  volume       = {23},
  year         = {1986},
}

@article{genz_keister,
  author       = {Alan Genz and Bradley D. Keister},
  doi          = {http://dx.doi.org/10.1016/0377-0427(95)00232-4},
  journal      = {Journal of Computational and Applied Mathematics},
  journaltitle = {Journal of Computational and Applied Mathematics},
  number       = {2},
  pages        = {299 - 309},
  title        = {Fully Symmetric Interpolatory Rules for Multiple Integrals over Infinite Regions with {Gaussian} Weight},
  volume       = {71},
  year         = {1996},
}

@article{serra-sagrista,
  author       = {Joan Serra-Sagristà},
  doi          = {10.1016/S0020-0190(00)00119-8},
  issue_date   = {Nov. 2000},
  journal      = {Inf. Process. Lett.},
  journaltitle = {Inf. Process. Lett.},
  month        = {11},
  number       = {1-2},
  pages        = {39--44},
  publisher    = {Elsevier North-Holland, Inc.},
  title        = {Enumeration of Lattice Points in {l1} Norm},
  volume       = {76},
  year         = {2000},
}

@article{novak_ritter,
  author       = {Erich Novak and Klaus Ritter},
  doi          = {10.1007/s003659900119},
  issn         = {0176-4276},
  journal      = {Constructive Approximation},
  journaltitle = {Constructive Approximation},
  number       = {4},
  pages        = {499-522},
  publisher    = {Springer-Verlag},
  title        = {Simple Cubature Formulas with High Polynomial Exactness},
  volume       = {15},
  year         = {1999},
}

@book{holtz,
  author    = {Markus Holtz},
  publisher = {Springer},
  series    = {Lecture Notes in Computational Science and Engineering},
  title     = {Sparse Grid Quadrature in High Dimensions with Applications in Finance and Insurance},
  year      = {2011},
}

@article{kahaner_waldvogel_fullerton,
  author       = {David K. Kahaner and Jörg Waldvogel and L. W. Fullerton},
  doi          = {10.1137/0905003},
  journal      = {SIAM Journal on Scientific and Statistical Computing},
  journaltitle = {SIAM Journal on Scientific and Statistical Computing},
  number       = {1},
  pages        = {42-55},
  title        = {Addition of Points to {Gauss}-{Laguerre} Quadrature Formulas},
  volume       = {5},
  year         = {1984},
}

@article{tucker,
  author       = {Gustavo Avila and Tucker Carrington},
  doi          = {http://dx.doi.org/10.1063/1.3246593},
  journal      = {The Journal of Chemical Physics},
  journaltitle = {The Journal of Chemical Physics},
  number       = {17},
  title        = {Nonproduct quadrature grids for solving the vibrational {Schrödinger} equation},
  url          = {http://dx.doi.org/10.1063/1.3246593},
  volume       = {131},
  year         = {2009},
}

@article{brezinski,
  author       = {Claude Brezinski},
  journal      = {Rendiconti del Seminario Matematico Università e Politecnico di Torino},
  journaltitle = {Rendiconti del Seminario Matematico Università e Politecnico di Torino},
  pages        = {75-82},
  title        = {Orthogonal and Stieltjes polynomials with respect to an even functional},
  volume       = {45},
  year         = {1987},
}

@book{opap,
  author     = {Alfaro, Manuel and {International Symposium on Orthogonal Polynomials and Their Applications}},
  publisher  = {Springer-Verlag Berlin Heidelberg},
  series     = {Lecture Notes in Mathematics},
  shorttitle = {Orthogonal polynomials and their applications},
  title      = {{Orthogonal} polynomials and their applications : proceedings of an international symposium held in {Segovia}, {Spain}, {Sept}. 22-27, 1986},
  volume     = {1329},
  year       = {1988},
}

@book{gautschi_opca,
  author    = {Walter Gautschi},
  isbn      = {978-0-19-850672-0},
  location  = {Oxford, New York, Auckland},
  publisher = {Oxford university press},
  series    = {Numerical mathematics and scientific computation},
  title     = {Orthogonal polynomials computation and approximation},
  year      = {2004}
}

@book{gautschi_opim,
  author    = {Walter Gautschi},
  isbn      = {978-1-611974-29-4},
  publisher = {SIAM-Society for Industrial and Applied Mathematics},
  title     = {Orthogonal Polynomials in {MATLAB}: Exercises and Solutions},
  year      = {2016}
}

@book{szegoe_op,
  author    = {Gabor Szegő},
  number    = {23},
  publisher = {American mathematical society},
  series    = {American Mathematical Society colloquium publications},
  title     = {{Orthogonal} {Polynomials}},
  year      = {1939},
}

