@report{P_matrix_book,
  author      = {Kaare Brandt Petersen and Michael Syskind Pedersen and Jan Larsen and Korbinian Strimmer and Lars Christiansen and Kai Hansen and Liguo He and Loic Thibaut and Miguel Bar√£o and Stephan Hattinger and Vasile Sima and We The},
  institution = {},
  title       = {The matrix cookbook},
  type        = {techreport},
  year        = {2006},
}

@book{H_functions_of_matrices,
  author    = {Nicholas J. Higham},
  isbn      = {978-0-89871-646-7},
  publisher = {SIAM},
  title     = {Functions of matrices - theory and computation},
  year      = {2008},
}

@article{HJ_molecularpropagation,
  author       = {George A. Hagedorn and Alain Joye},
  journaltitle = {Rev. Math. Phys},
  pages        = {41--101},
  title        = {Molecular Propagation through Small Avoided Crossings of Electron Energy Levels},
  volume       = {11},
  year         = {1997},
}

@article{L_eigenvalues,
  author       = {Lancaster, P.},
  issue        = {1},
  journaltitle = {Numerische Mathematik},
  pages        = {377-387},
  publisher    = {Springer Berlin / Heidelberg},
  title        = {On eigenvalues of matrices dependent on a parameter},
  volume       = {6},
  year         = {1964},
}

@article{MH_eigenvalues,
  author       = {Murthy, Durbha V and Haftka, Raphael T},
  journaltitle = {International Journal for Numerical Methods in Engineering},
  number       = {2},
  pages        = {293--311},
  title        = {Derivatives of eigenvalues and eigenvectors of a general complex matrix},
  volume       = {26},
  year         = {1988},
}

@article{OW_eigenvalues,
  author       = {Overton, Michael L. and Womersley, Robert S.},
  issue_date   = {July 1995},
  journaltitle = {SIAM J. Matrix Anal. Appl.},
  number       = {3},
  pages        = {697--718},
  publisher    = {Society for Industrial and Applied Mathematics},
  title        = {Second Derivatives for Optimizing Eigenvalues of Symmetric Matrices},
  volume       = {16},
  year         = {1995},
}
