@article{JAL00,
  author       = {T. Jahnke and Ch. Lubich},
  journaltitle = {BIT},
  number       = {4},
  pages        = {735-744},
  title        = {Error {B}ounds for {E}xponential {O}perator {S}plittings},
  volume       = {40},
  year         = {2000},
}

@article{BJM02,
  author       = {Bao, Weizhu and Jin, Shi and Markowich, Peter A.},
  doi          = {10.1006/jcph.2001.6956},
  fjournal     = {Journal of Computational Physics},
  journaltitle = {J. Comput. Phys.},
  number       = {2},
  pages        = {487--524},
  title        = {On time-splitting spectral approximations for the {S}chrödinger equation in the semiclassical regime},
  volume       = {175},
  year         = {2002},
}

@article{BKS97,
  author       = {N. Balakrishnan and C. Kalyanaraman and N. Sathyamurthy},
  doi          = {10.1016/S0370-1573(96)00025-7},
  journaltitle = {Physics Reports},
  keywords     = {Time-dependent quantal calculations},
  number       = {2},
  pages        = {79 - 144},
  title        = {Time-dependent quantum mechanical approach to reactive scattering and related processes},
  volume       = {280},
  year         = {1997},
}

@article{KMP10,
  author       = {I. Kyza and C. Makridakis and M. Plexousakis},
  doi          = {doi: 10.1093/imanum/drp044},
  journaltitle = {IMA J Numer Ana},
  number       = {2},
  pages        = {16-441},
  title        = {Error control for time-splitting spectral approximations of the semiclassical Schrödinger equation},
  volume       = {31},
  year         = {2011},
}

@article{YOS90,
  author       = {Yoshida, Haruo},
  doi          = {10.1016/0375-9601(90)90092-3},
  fjournal     = {Physics Letters. A},
  journaltitle = {Phys. Lett. A},
  number       = {5-7},
  pages        = {262--268},
  title        = {Construction of higher order symplectic integrators},
  volume       = {150},
  year         = {1990},
}

@article{DET10,
  author       = {S. Descombes and M. Thalhammer},
  doi          = {10.1007/s10543-010-0282-4},
  fjournal     = {BIT. Numerical Mathematics},
  journaltitle = {BIT},
  number       = {4},
  pages        = {729--749},
  title        = {An exact local error representation of exponential operator splitting methods for evolutionary problems and applications to linear {S}chrödinger equations in the semi-classical regime},
  volume       = {50},
  year         = {2010},
}

@article{NET09,
  author       = {C. Neuhauser and M. Thalhammer},
  doi          = {10.1007/s10543-009-0215-2},
  fjournal     = {BIT. Numerical Mathematics},
  journaltitle = {BIT},
  number       = {1},
  pages        = {199--215},
  title        = {On the convergence of splitting methods for linear evolutionary {S}chrödinger equations involving an unbounded potential},
  volume       = {49},
  year         = {2009},
}

@article{TCN09,
  author       = {M. Thalhammer and M. Caliari and C. Neuhauser},
  doi          = {10.1016/j.jcp.2008.10.008},
  fjournal     = {Journal of Computational Physics},
  journaltitle = {J. Comput. Phys.},
  number       = {3},
  pages        = {822--832},
  title        = {High-order time-splitting {H}ermite and {F}ourier spectral methods},
  volume       = {228},
  year         = {2009},
}

@article{THA08,
  author       = {M. Thalhammer},
  doi          = {10.1137/060674636},
  fjournal     = {SIAM Journal on Numerical Analysis},
  journaltitle = {SIAM J. Numer. Anal.},
  number       = {4},
  pages        = {2022--2038},
  title        = {High-order exponential operator splitting methods for time-dependent {S}chrödinger equations},
  volume       = {46},
  year         = {2008},
}

@article{WHB05,
  author       = {Y. Wu and M. Herman and V. Batista},
  doi          = {10.1063/1.1881132},
  eid          = {114114},
  journaltitle = {The Journal of Chemical Physics},
  keywords     = {Fourier transforms; quantum theory; gradient methods; optimisation},
  number       = {11},
  numpages     = {8},
  pages        = {114114},
  publisher    = {AIP},
  title        = {Matching-pursuit/split-operator Fourier-transform simulations of nonadiabatic quantum dynamics},
  volume       = {122},
  year         = {2005},
}

@article{WUB04,
  author        = {Y. Wu and V. Batista},
  collaboration = {},
  doi           = {10.1063/1.1766298},
  journaltitle  = {The Journal of Chemical Physics},
  keywords      = {quantum theory; tunnelling; multidimensional systems; simulation; Fourier transforms; optimisation},
  number        = {4},
  pages         = {1676-1680},
  publisher     = {AIP},
  title         = {Quantum tunneling dynamics in multidimensional systems: A matching-pursuit description},
  volume        = {121},
  year          = {2004},
}

@article{WUB03,
  author       = {Y. Wu and V. Batista},
  doi          = {DOI:10.1063/1.1560636},
  journaltitle = {J. Chem. Phys.},
  number       = {15},
  pages        = {6720-6724},
  publisher    = {AIP},
  title        = {Matching-pursuit for simulations of quantum processes},
  volume       = {118},
  year         = {2003},
}

@article{BQM00,
  author       = {M. Ben-Nun and J. Quenneville and T. J. Martínez},
  journaltitle = {J. Phys. Chem. A},
  pages        = {5161--5175},
  title        = {Ab Initio Multiple Spawning: Photochemistry from First Principles Quantum Molecul ar Dynamics},
  volume       = {104},
  year         = {2000},
}

@article{HEL81,
  author       = {E. J. Heller},
  journaltitle = {J. Chem. Phys.},
  pages        = {2923--2931},
  title        = {Frozen {G}aussians: A very simple semiclassical approximation},
  volume       = {75},
  year         = {1981},
}

@book{MGW09,
  author    = {H.-D. Meyer and F. Gatti and G.A. Worth (Eds.)},
  location  = {Weinheim},
  publisher = {Wiley-VCH},
  title     = {Multidimensional Quantum Dynamics: {MCTDH} Theory and Applications},
  year      = {2009},
}

@article{KHK10,
  author       = {K. Kormann and S. Holmgren and H. O. Karlsson},
  issue        = {3},
  journaltitle = {Journal of Optimization Theory and Applications},
  pages        = {491-506},
  title        = {A {F}ourier-Coefficient Based Solution of an Optimal Control Problem in Quantum Chemistry},
  volume       = {147},
  year         = {2010},
}

@article{FFS82,
  author       = {M. Feit. and J. Fleck and A. Steiger},
  journaltitle = {J. Compt. Phys.},
  pages        = {412--433},
  title        = {Solution of the {S}chrödinger equation by a spectral method},
  volume       = {47},
  year         = {1982},
}

@article{PDA04,
  author       = {P. Puzari and S. Deshpande and S. Adhikari},
  doi          = {10.1016/j.chemphys.2004.01.006},
  journaltitle = {Chemical Physics},
  number       = {1-3},
  pages        = {305 - 323},
  title        = {A quantum-classical treatment of non-adiabatic transitions},
  volume       = {300},
  year         = {2004},
}

@article{PUA04,
  author       = {P. Puzari and S. Adhikari},
  doi          = {10.1002/qua.20095},
  journaltitle = {International Journal of Quantum Chemistry},
  number       = {5},
  pages        = {434--446},
  title        = {Semi-classical formulation of time-dependent discrete variable representation method},
  volume       = {98},
  year         = {2004},
}

@article{BIL02,
  author       = {G. D. Billing},
  doi          = {10.1039/b202151j},
  journaltitle = {Physical Chemistry Chemical Physics},
  number       = {13},
  pages        = {2865--2877},
  shorttitle   = {Quantum-dressed classical mechanics},
  title        = {Quantum-dressed classical mechanics: Theory and application},
  volume       = {4},
  year         = {2002},
}

@article{BIA00,
  author       = {G. D. Billing and S. Adhikari},
  doi          = {10.1016/S0009-2614(00)00358-4},
  journaltitle = {Chemical Physics Letters},
  number       = {3-4},
  pages        = {197 - 204},
  title        = {The time-dependent discrete variable representation method in molecular dynamics},
  volume       = {321},
  year         = {2000},
}

@book{TEU03,
  author    = {S. Teufel},
  location  = {Berlin},
  publisher = {Springer-Verlag},
  series    = {Lecture Notes in Mathematics},
  title     = {Adiabatic perturbation theory in quantum dynamics},
  volume    = {1821},
  year      = {2003},
}

@book{TAN07,
  author    = {D. Tannor},
  location  = {Sausalito},
  publisher = {University Science Press},
  title     = {Introduction to Quantum Mechanics: A Time Dependent Perspective},
  year      = {2007},
}

@article{SAA03,
  author       = {M. Saltzer and J. Ankerhold},
  doi          = {10.1103/PhysRevA.68.042108},
  journaltitle = {Phys. Rev. A},
  month        = {Oct},
  number       = {4},
  numpages     = {12},
  pages        = {042108},
  publisher    = {American Physical Society},
  title        = {Semiclassical tunneling in real time: Wave-packet dynamics in static and driven barrier potentials},
  volume       = {68},
  year         = {2003},
}

@article{HOK08,
  author       = {G. Hochman and K. Kay},
  doi          = {10.1088/1751-8113/41/38/385303},
  journaltitle = {J. Phys. A},
  numpages     = {30},
  pages        = {385303},
  title        = {Tunneling by a semiclassical initial value method with higher order corrections},
  volume       = {41},
  year         = {2008},
}

@article{BJT08,
  author       = {V. Betz and A. Joye and S. Teufel},
  journaltitle = {Asymptotic Analysis},
  keywords     = {{41A60,} {81Q05,} Mathematical Physics},
  number       = {64},
  pages        = {53--100},
  title        = {Emergence of exponentially small reflected waves},
  year         = {2009},
}

@book{BIM97,
  author    = {G. Billing and K. Mikkelsen},
  publisher = {J. Wiley \& Sons},
  title     = {Advanced molecular dynamics and chemical kinetics},
  year      = {1997},
}

@article{LEH82,
  author       = {S. Y. Lee and E. J. Heller},
  doi          = {10.1063/1.443342},
  journaltitle = {Journal of Chemical Physics},
  number       = {6},
  pages        = {3035-3044},
  publisher    = {AIP},
  title        = {Exact time-dependent wave packet propagation: Application to the photodissociation of methyl iodide},
  volume       = {76},
  year         = {1982},
}

@article{COK82,
  author       = {R.D. Coalson and M. Karplus},
  doi          = {10.1016/0009-2614(82)83244-2},
  journaltitle = {Chemical Physics Letters},
  number       = {4},
  pages        = {301 - 305},
  title        = {Extended wave packet dynamics; exact solution for collinear atom, diatomic molecule scattering},
  volume       = {90},
  year         = {1982},
}

@article{GSX03,
  author       = {B. Guo and J. Shen and C. Xu},
  journaltitle = {Advances in Computational Mathematics},
  pages        = {35--55},
  title        = {Spectral and pseudospectral approximations using {H}ermite functions: application to the {D}irac equation},
  volume       = {19},
  year         = {2003},
}

@book{LUB08,
  author    = {C. Lubich},
  doi       = {10.4171/067},
  publisher = {European Mathematical Society (EMS), Zürich},
  series    = {Zurich Lectures in Advanced Mathematics},
  title     = {From quantum to classical molecular dynamics: reduced models and numerical analysis},
  year      = {2008},
}

@article{LAS08,
  author       = {C. Lasser and T. Swart},
  doi          = {10.1063/1.2954019},
  eid          = {034302},
  journaltitle = {The Journal of Chemical Physics},
  number       = {3},
  numpages     = {8},
  pages        = {034302},
  publisher    = {AIP},
  title        = {Single switch surface hopping for a model of pyrazine},
  volume       = {129},
  year         = {2008},
}

@article{NUM00,
  author       = {M. {Ben-Nun} and T. J. Martinez},
  doi          = {10.1063/1.481213},
  journaltitle = {The Journal of Chemical Physics},
  month        = {04},
  number       = {14},
  pages        = {6113--6121},
  title        = {A multiple spawning approach to tunneling dynamics},
  volume       = {112},
  year         = {2000},
}

@article{NEM02,
  author        = {M. Nest and H.-D. Meyer},
  collaboration = {},
  doi           = {10.1063/1.1521129},
  journaltitle  = {The Journal of Chemical Physics},
  number        = {23},
  pages         = {10499-10505},
  publisher     = {AIP},
  title         = {Benchmark calculations on high-dimensional Henon--Heiles potentials with the multi-configuration time dependent Hartree (MCTDH) method},
  volume        = {117},
  year          = {2002},
}

@article{GAT96,
  author       = {S. Garashchuk and D. Tannor},
  doi          = {10.1016/0009-2614(96)01111-6},
  journaltitle = {Chemical Physics Letters},
  number       = {3-4},
  pages        = {477-485},
  title        = {Wave packet correlation function approach to {$H_2([\nu])+H\rightarrow H+H_22([\nu]$}): semiclassical implementation.},
  volume       = {262},
  year         = {1996},
}

@article{SMA95,
  author       = {E. Sim and N. Makri},
  doi          = {DOI:10.1063/1.469293},
  journaltitle = {Journal of Chemical Physics},
  number       = {14},
  pages        = {5616-5625},
  publisher    = {AIP},
  title        = {Time-dependent discrete variable representations for quantum wave packet propagation},
  volume       = {102},
  year         = {1995},
}

@inbook{NAK08,
  author    = {H. Nakamura},
  booktitle = {Advances in Chemical Physics},
  doi       = {10.1002/9780470259474.ch3},
  pages     = {95--212},
  publisher = {John Wiley \& Sons, Inc.},
  title     = {Nonadiabatic Chemical Dynamics: Comprehension and Control of Dynamics, and Manifestation of Molecular Functions},
  year      = {2008},
}

@article{HOK09,
  author       = {G. Hochman and K. Kay},
  doi          = {DOI:10.1063/1.3079544},
  journaltitle = {Journal of Chemical Physics},
  number       = {6},
  pages        = {061104},
  publisher    = {AIP},
  title        = {Tunneling in two-dimensional systems using a higher-order Herman-Kluk approximation},
  volume       = {130},
  year         = {2009},
}

@article{POI08,
  author       = {B. Poirier},
  doi          = {DOI:10.1063/1.2969102},
  journaltitle = {Journal of Chemical Physics},
  number       = {8},
  pages        = {084103},
  publisher    = {AIP},
  title        = {Reconciling semiclassical and Bohmian mechanics. VI. Multidimensional dynamics},
  volume       = {129},
  year         = {2008},
}

@article{PSA06,
  author       = {P. Puzari and B. Sarkar and S. Adhikari},
  doi          = {DOI:10.1063/1.2393228},
  journaltitle = {Journal of Chemical Physics},
  number       = {19},
  pages        = {194316},
  publisher    = {AIP},
  title        = {A quantum-classical approach to the molecular dynamics of pyrazine with a realistic model Hamiltonian},
  volume       = {125},
  year         = {2006},
}

@article{SPA10,
  author       = {S. Sardar and A. Paul and S. Adhikari},
  doi          = {10.1007/s12039-010-0084-x},
  issue        = {4},
  journaltitle = {Journal of Chemical Sciences},
  keyword      = {Chemistry and Materials Science},
  pages        = {491-510},
  publisher    = {Springer India, in co-publication with Indian Academy of Sciences},
  title        = {A quantum-classical simulation of the nuclear dynamics in {$NO2^{-}$} and {$C6H6^+$} with realistic model Hamiltonian},
  volume       = {122},
  year         = {2010},
}

@article{SPS11,
  author       = {S. Sardar and A. Paul and R. Sharma and S. Adhikari},
  doi          = {10.1002/qua.22578},
  journaltitle = {International Journal of Quantum Chemistry},
  number       = {12},
  pages        = {2741--2759},
  publisher    = {Wiley Subscription Services, Inc., A Wiley Company},
  title        = {A “classical” trajectory driven nuclear dynamics by a parallelized quantum-classical approach to a realistic model Hamiltonian of benzene radical cation},
  volume       = {111},
  year         = {2011},
}

@article{BAA03,
  author       = {B. Barkakaty and S. Adhikari},
  doi          = {DOI:10.1063/1.1553977},
  journaltitle = {Journal of Chemical Physics},
  number       = {12},
  pages        = {5302-5318},
  publisher    = {AIP},
  title        = {Time-dependent discrete variable representation method in a tunneling problem},
  volume       = {118},
  year         = {2003},
}

@article{YCK09,
  author       = {S. Yang and J. D. Coe and B. Kaduk and T. J. Martínez},
  coden        = {JCPSA6},
  doi          = {DOI:10.1063/1.3103930},
  eissn        = {10897690},
  issn         = {00219606},
  journaltitle = {Journal of Chemical Physics},
  number       = {13},
  pages        = {134113},
  publisher    = {AIP},
  title        = {An 'optimal' spawning algorithm for adaptive basis set expansion in nonadiabatic dynamics},
  volume       = {130},
  year         = {2009},
}

@article{SIN10,
  author       = {N. Shinkoh, T. Ishida and H. Nakamura},
  doi          = {10.1039/C0SC00274G},
  journaltitle = {Chemical Science},
  number       = {1},
  pages        = {663-674},
  title        = {Future perspectives of nonadiabatic chemical dynamics},
  volume       = {6},
  year         = {2010},
}

@report{ZEN90,
  author      = {Chr. Zenger},
  institution = {SFB 342, TU München},
  number      = {18--90},
  title       = {Sparse {G}rids},
  type        = {techreport},
  year        = {1990},
}

@book{BUN98,
  author    = {H. Bungartz},
  location  = {Aachen},
  publisher = {Shaker Verlag},
  title     = {Finite Elements of Higher Order on Sparse Grids},
  year      = {1998},
}

@article{BUG04,
  author       = {H.-J. Bungartz and M. Griebel},
  journaltitle = {Acta Numerica},
  pages        = {1-123},
  title        = {Sparse {G}rids},
  volume       = {13},
  year         = {2004},
}

@thesis{KUP97,
  author      = {F. Kupka},
  institution = {Univerität Wien},
  title       = {Sparse {G}rid {S}pectral {M}ethods for the {N}umerical {S}olution of {P}artial {D}ifferential {E}quations with {P}eriodic {B}oundary {C}onditions},
  type        = {phdthesis},
  year        = {1997},
}

@article{SMO63,
  author       = {S. A. Smolyak},
  journaltitle = {Dokl. Akad. Nauk SSSR},
  note         = {Russian, Engl. Transl.: Soviet Math. Dokl. 4:240--243},
  pages        = {1042--1043},
  title        = {Quadrature and Interpolation Formulas for Tensor Products of Certain Classes of Functions},
  volume       = {148},
  year         = {1963},
}

@article{TEM85,
  author       = {V. Temlyakov},
  journaltitle = {Mat. Sbornik},
  pages        = {256--268},
  title        = {Approximate recovery of periodic fucntions of several variables},
  volume       = {128},
  year         = {1985},
}

@unpublished{DON00a,
  author = {D. Donoho},
  note   = {\texttt{http://www-stat.stanford.edu/\~{}donoho/Lectures/AMS2000/Curses.pdf}},
  title  = {High-Dimensional Data Analysis: The Curses and Blessings of Dimensionality},
  url    = {http://www-stat.stanford.edu/~donoho/Lectures/AMS2000/Curses.pdf},
  year   = {2000},
}

@article{PAL86,
  author       = {Tae Jun Park and J. C. Light},
  doi          = {10.1063/1.451548},
  journaltitle = {The Journal of Chemical Physics},
  number       = {10},
  pages        = {5870-5876},
  publisher    = {AIP},
  title        = {Unitary quantum time evolution by iterative Lanczos reduction},
  volume       = {85},
  year         = {1986},
}

@article{HOL97,
  annotation   = {#60,exponential integrators,Krylov methods},
  author       = {M. Hochbruck and C. Lubich},
  journaltitle = {SIAM J. Numer. Anal.},
  pages        = {1911-1925},
  title        = {On Krylov subspace approximations to the matrix exponential operator},
  volume       = {34},
  year         = {1997},
}

