@Article{Iserles1999,
	author="Iserles, A.
	and Marthinsen, A.
	and N{\o}rsett, S. P.",
	title="On the Implementation of the Method of Magnus Series for Linear Differential Equations",
	journal="BIT Numerical Mathematics",
	year="1999",
	volume="39",
	number="2",
	pages="281--304",
	issn="1572-9125",
	doi="10.1023/A:1022393913721",
	url="http://dx.doi.org/10.1023/A:1022393913721"
}


@article {Magnus1954,
	author = {Magnus, Wilhelm},
	title = {On the exponential solution of differential equations for a linear operator},
	journal = {Communications on Pure and Applied Mathematics},
	volume = {7},
	number = {4},
	publisher = {Wiley Subscription Services, Inc., A Wiley Company},
	issn = {1097-0312},
	url = {http://dx.doi.org/10.1002/cpa.3160070404},
	doi = {10.1002/cpa.3160070404},
	pages = {649--673},
	year = {1954}
}

