@misc{eigenweb,
  author       = {Guennebaud, Gaël and Jacob, Benoît and others},
  url          = {http://eigen.tuxfamily.org},
  date         = {2010},
  howpublished = {\url{http://eigen.tuxfamily.org}},
  title        = {Eigen v3},
}

@misc{eigen3-hdf5,
  author       = {Garrison, James R.},
  url          = {https://github.com/garrison/eigen3-hdf5},
  date         = {2013},
  howpublished = {\url{https://github.com/garrison/eigen3-hdf5}},
  title        = {eigen3-hdf5},
}

@article{C_CRTP,
  author       = {James O., Coplien},
  url          = {http://sites.google.com/a/gertrudandcope.com/info/Publications/InheritedTemplate.pdf},
  date         = {1995},
  howpublished = {\url{http://sites.google.com/a/gertrudandcope.com/info/Publications/InheritedTemplate.pdf}},
  journaltitle = {C++ Report},
  pages        = {24--27},
  title        = {Curiously Recurring Template Patterns},
}

@misc{euler_cluster,
  author       = {{Swiss Federal Institute of Technology Zurich}},
  url          = {http://clusterwiki.ethz.ch/brutus/Getting_started_with_Euler},
  date         = {2015},
  howpublished = {\url{http://clusterwiki.ethz.ch/brutus/Getting_started_with_Euler}},
  title        = {Euler Cluster},
}

@misc{googletest,
  author       = {Donahue, Billy},
  url          = {https://github.com/google/googletest},
  date         = {2008},
  howpublished = {\url{https://github.com/google/googletest}},
  title        = {{GoogleTest}},
}

@misc{googletestdoc,
  author       = {Donahue, Billy},
  url          = {https://github.com/google/googletest/tree/master/googletest/docs},
  date         = {2008},
  howpublished = {\url{https://github.com/google/googletest/tree/master/googletest/docs}},
  title        = {{GoogleTest} Documentation},
}

@misc{hdf5cppdoc,
  author       = {{HDF Group}},
  url          = {https://www.hdfgroup.org/HDF5/doc/cpplus_RM/index.html},
  date         = {2001},
  howpublished = {\url{https://www.hdfgroup.org/HDF5/doc/cpplus_RM/index.html}},
  title        = {{HDF5} {C++} {Documentation}},
}

@misc{hdf5cdoc,
  author       = {{HDF Group}},
  url          = {https://www.hdfgroup.org/HDF5/doc1.6/RM_H5Front.html},
  date         = {2001},
  howpublished = {\url{https://www.hdfgroup.org/HDF5/doc1.6/RM_H5Front.html}},
  title        = {{HDF5} {C} {Documentation}},
}

@misc{hdfgroup,
  author       = {{HDF Group}},
  url          = {https://www.hdfgroup.org/},
  date         = {1994},
  howpublished = {\url{https://www.hdfgroup.org/}},
  title        = {{HDF} {Group}},
}

@article{bt_michajab,
  author       = {Bösch, Michaja},
  url          = {https://github.com/raoulbq/TeX/tree/master/LWB},
  date         = {2015},
  howpublished = {\url{https://github.com/raoulbq/TeX/tree/master/LWB}},
  title        = {Efficient implementation of {Hagedorn} wavepackets in {C++}},
}

@article{bt_lionelm,
  author       = {Miserez, Lionel},
  url          = {https://github.com/raoulbq/TeX/tree/master/LWB},
  date         = {2015},
  howpublished = {\url{https://github.com/raoulbq/TeX/tree/master/LWB}},
  title        = {Porting {WaveBlocksND} {Matrix} {Potential} {Functionality} to {C++}},
}

@article{st_benedekv,
  author       = {Vartok, Benedek},
  url          = {https://github.com/raoulbq/TeX/tree/master/LWB},
  date         = {2015},
  howpublished = {\url{https://github.com/raoulbq/TeX/tree/master/LWB}},
  title        = {Implementation of {WaveBlocksND’s} {Quadrature} and {Inner} {Products} in {C++}},
}

