@article{Heiss_Winschel_08,
  author       = {Florian Heiss and Viktor Winschel},
  doi          = {http://dx.doi.org/10.1016/j.jeconom.2007.12.004},
  issn         = {0304-4076},
  journaltitle = {Journal of Econometrics},
  number       = {1},
  pages        = {62 - 80},
  title        = {Likelihood approximation by numerical integration on sparse grids},
  volume       = {144},
  year         = {2008},
}

@article{Gerstner_Griebel_98,
  author       = {Gerstner, Thomas and Griebel, Michael},
  doi          = {10.1023/A:1019129717644},
  issn         = {1017-1398},
  journaltitle = {Numerical Algorithms},
  number       = {3-4},
  pages        = {209-232},
  title        = {Numerical integration using sparse grids},
  volume       = {18},
  year         = {1998},
}

@article{Wasilkowski_Wozniakowski_95,
  author       = {G.W. Wasilkowski and H. Wozniakowski},
  doi          = {http://dx.doi.org/10.1006/jcom.1995.1001},
  issn         = {0885-064X},
  journaltitle = {Journal of Complexity},
  number       = {1},
  pages        = {1 - 56},
  title        = {Explicit Cost Bounds of Algorithms for Multivariate Tensor Product Problems},
  volume       = {11},
  year         = {1995},
}

