@misc{flint,
    author = {W. Hart and F. Johansson and S. Pancratz},
    title = {{FLINT}: {F}ast {L}ibrary for {N}umber {T}heory},
    year = {2014},
    note = {\url{http://flintlib.org}}
}

@inproceedings{Hart2010,
    author = {W. B. Hart},
    title = {{Fast Library for Number Theory: An Introduction}},
    booktitle = {Proceedings of the Third International Congress on Mathematical Software},
    series = {ICMS'10},
    year = {2010},
    location = {Kobe, Japan},
    pages = {88--91},
    numpages = {4},
    publisher = {Springer-Verlag},
    address = {Berlin, Heidelberg}
}

@misc{arb,
    author = {F. Johansson},
    title = {{Arb}: {C} library for arbitrary-precision floating-point ball arithmetic},
    year = {2014},
    note = {\url{http://fredrikj.net/arb/}}
}

@TechReport{vdH:ball,
  author =   {J. van der Hoeven},
  title =    {Ball arithmetic},
  institution =  {HAL},
  year =     {2009},
  note =     {\url{http://hal.archives-ouvertes.fr/hal-00432152/fr/}}
}

@InProceedings{vdH:ball:greifswald,
  author =   {J. van der Hoeven},
  title =    {Ball arithmetic},
  booktitle =    {Logical approaches to Barriers in Computing and Complexity}
}


@Article{mehrotra-papp,
   author = {{Mehrotra}, S. and {Papp}, D.},
    title = {Generating nested quadrature formulas for general weight functions with known moments},
  journal = {ArXiv e-prints},
   eprint = {1203.1554},
     year = 2012,
    month = mar,
    note  = {\url{http://arxiv.org/abs/1203.1554}}
}

@Article{genz-keister,
    author = {Alan Genz and B. D. Keister},
    title = {Fully Symmetric Interpolatory Rules for Multiple Integrals over Infinite Regions with Gaussian Weight},
    year = {1996}
}

@article{monegato1976,
    jstor_articletype = {research-article},
    title = {A Note on Extended Gaussian Quadrature Rule},
    author = {Monegato, Giovanni},
    journal = {Mathematics of Computation},
    volume = {30},
    number = {136},
    pages = {pp. 812-817},
    ISSN = {00255718},
    year = {1976},
    publisher = {American Mathematical Society},
}

@article{kahaner-monegato,
  year={1978},
  issn={0044-2275},
  journal={Zeitschrift für angewandte Mathematik und Physik ZAMP},
  volume={29},
  number={6},
  doi={10.1007/BF01590820},
  title={Nonexistence of extended Gauss-Laguerre and Gauss-Hermite quadrature rules with positive weights},
  url={http://dx.doi.org/10.1007/BF01590820},
  publisher={Birkhäuser-Verlag},
  author={Kahaner, D.K. and Monegato, G.},
  pages={983-986},
}

@article{patterson1968,
  title = {The Optimum Addition of Points to Quadrature Formulae},
  author = {Patterson, T. N. L.},
  journal = {Mathematics of Computation},
  volume = {22},
  number = {104},
  pages = {pp. 847-856+s21-s31},
  ISSN = {00255718},
  year = {1968},
  publisher = {American Mathematical Society},
}

@book {kronrod,
  AUTHOR = {Kronrod, Aleksandr Semenovich},
  TITLE = {Nodes and weights of quadrature formulas. {S}ixteen-place tables},
  SERIES = {Authorized translation from the Russian},
  PUBLISHER = {Consultants Bureau, New York},
  YEAR = {1965},
  PAGES = {vii+143},
}

@article{laurie,
  author = {Dirk P. Laurie},
  title = {Calculation of Gauss–Kronrod Quadrature Rules},
  journal = {Mathematics of Computation},
  year = {1997},
  pages = {1133--1145}
}

@article{szegoe,
  year={1935},
  issn={0025-5831},
  journal={Mathematische Annalen},
  volume={110},
  number={1},
  doi={10.1007/BF01448041},
  title={Über gewisse orthogonale Polynome, die zu einer oszillierenden Belegungsfunktion gehören},
  url={http://dx.doi.org/10.1007/BF01448041},
  publisher={Springer-Verlag},
  author={Szegö, G.},
  pages={501-513}
}

@article {gautschi-notaris,
  AUTHOR = {Gautschi, Walter and Notaris, Sotirios E.},
  TITLE = {An algebraic study of {G}auss-{K}ronrod quadrature formulae for {J}acobi weight functions},
  JOURNAL = {Math. Comp.},
  FJOURNAL = {Mathematics of Computation},
  VOLUME = {51},
  YEAR = {1988},
  NUMBER = {183},
  PAGES = {231--248},
  ISSN = {0025-5718},
  DOI = {10.2307/2008588},
  URL = {http://dx.doi.org/10.2307/2008588},
}

@article{gautschi,
  title = "Gauss–Kronrod quadrature formulae for weight functions of Bernstein–Szegö type ",
  journal = "Journal of Computational and Applied Mathematics ",
  volume = "25",
  number = "2",
  pages = "199 - 224",
  year = "1989",
  issn = "0377-0427",
  doi = "http://dx.doi.org/10.1016/0377-0427(89)90047-2",
  author = "Walter Gautschi and Sotorios E. Notaris",
}

@article{notaris1990,
  title = "Gauss-Kronrod quadrature formulae for weight functions of Bernstein-Szegö type, \{II\} ",
  journal = "Journal of Computational and Applied Mathematics ",
  volume = "29",
  number = "2",
  pages = "161 - 169",
  year = "1990",
  issn = "0377-0427",
  doi = "http://dx.doi.org/10.1016/0377-0427(90)90355-4",
  author = "Sotirios E. Notaris"
}

@article {gautschi-rivlin,
  AUTHOR = {Gautschi, Walter and Rivlin, Theodore J.},
  TITLE = {A family of {G}auss-{K}ronrod quadrature formulae},
  JOURNAL = {Math. Comp.},
  FJOURNAL = {Mathematics of Computation},
  VOLUME = {51},
  YEAR = {1988},
  NUMBER = {184},
  PAGES = {749--754},
  ISSN = {0025-5718},
  DOI = {10.2307/2008774},
  URL = {http://dx.doi.org/10.2307/2008774},
}

@article{monegato1982,
  author = {Monegato, G.},
  title = {Stieltjes Polynomials and Related Quadrature Rules},
  journal = {SIAM Review},
  volume = {24},
  number = {2},
  pages = {137-158},
  year = {1982},
  doi = {10.1137/1024039},
}

@article{monegato1978,
  AUTHOR = {Monegato, Giovanni},
  TITLE = {Positivity of the weights of extended {G}auss-{L}egendre quadrature rules},
  JOURNAL = {Math. Comp.},
  FJOURNAL = {Mathematics of Computation},
  VOLUME = {32},
  YEAR = {1978},
  NUMBER = {141},
  PAGES = {243--245},
  ISSN = {0025-5718},
}

@article{monegato1978_2,
  title = {Some Remarks on the Construction of Extended Gaussian Quadrature Rules},
  author = {Monegato, Giovanni},
  journal = {Mathematics of Computation},
  volume = {32},
  number = {141},
  pages = {pp. 247-252},
  url = {http://www.jstor.org/stable/2006272},
  ISSN = {00255718},
  language = {English},
  year = {1978},
  publisher = {American Mathematical Society},
  copyright = {Copyright © 1978 American Mathematical Society},
}

@article{vladislav,
  author = {DANIEL VLADISLAV},
  title = {Construction of Gauss-Kronrod-Hermite Quadrature and Cubature Formulas},
  year = {2004},
}

@incollection{monegato1978_3,
  year={1979},
  isbn={978-3-7643-1014-1},
  booktitle={Numerische Integration},
  volume={45},
  series={International Series of Numerical Mathematics / Internationale Schriftenreihe zur Numerischen Mathematik / Série Internationale D’Analyse Numérique},
  editor={Hämmerlin, G.},
  doi={10.1007/978-3-0348-6288-2_18},
  title={An Overview of Results and Questions Related to Kronrod Schemes},
  url={http://dx.doi.org/10.1007/978-3-0348-6288-2_18},
  publisher={Birkhäuser Basel},
  author={Monegato, Giovanni},
  pages={231-240}
}
