@article{PMMorse,
  author       = {{Morse}, P.~M.},
  doi          = {10.1103/PhysRev.34.57},
  journaltitle = {Physical Review},
  month        = {07},
  pages        = {57-64},
  title        = {{Diatomic Molecules According to the Wave Mechanics. II. Vibrational Levels}},
  volume       = {34},
  year         = {1929},
}

@book{Landau1981Quantum,
  author    = {Landau, L. D. and Lifshitz, L. M.},
  edition   = {3},
  isbn      = {0750635398},
  keywords  = {book},
  month     = {01},
  publisher = {Butterworth-Heinemann},
  title     = {Quantum Mechanics Non-Relativistic Theory, Third Edition: Volume 3},
  year      = {1981},
}

@misc{Gradinaru_strangsplitting,
  author = {Vasile Gradinaru},
  title  = {Strang splitting for the time dependent Schr√∂dinger equation on sparse grids},
}

@misc{FGL_semiclassical_dynamics,
  author = {Erwan Faou and Vasile Gradinaru and Christian Lubich},
  title  = {Computing semi-classical quantum dynamics with Hagedorn wavepackets},
  url    = {http://dx.doi.org/10.1137/080729724},
  year   = {2009},
}

@article{H_ladder_operators,
  author       = {George A. Hagedorn},
  doi          = {10.1006/aphy.1998.5843},
  issn         = {0003-4916},
  journaltitle = {Annals of Physics},
  number       = {1},
  pages        = {77--104},
  title        = {Raising and Lowering Operators for Semiclassical Wave Packets},
  volume       = {269},
  year         = {1998},
}

@book{AandS,
  author    = {M. Abramowitz and I. Stegun},
  edition   = {10th printing with corrections},
  note      = {Equation 25.4.46},
  publisher = {Dover},
  title     = {Handbook of Mathematical Functions with Formulas, Graphs, and Mathematical Tables},
  year      = {1972},
}

@article{Dong_ladder_operators,
  author       = {Dong, Shi-Hai and Lemus, R. and Frank, A.},
  doi          = {10.1002/qua.10038},
  issn         = {1097-461X},
  journaltitle = {International Journal of Quantum Chemistry},
  keywords     = {ladder operators, SU(2) group, Morse potential},
  number       = {5},
  pages        = {433--439},
  publisher    = {John Wiley & Sons, Inc.},
  title        = {Ladder operators for the Morse potential},
  url          = {http://dx.doi.org/10.1002/qua.10038},
  volume       = {86},
  year         = {2002},
}

@book{DongFactMethods,
  author    = {Dong, Shi-Hai},
  publisher = {Springer},
  title     = {Factorization method in quantum mechanics},
  year      = {2007},
}

