@ARTICLE{PMMorse,
    author = {{Morse}, P.~M.},
    title = "{Diatomic Molecules According to the Wave Mechanics. II. Vibrational Levels}",
    journal = {Physical Review},
    year = 1929,
    month = jul,
    volume = 34,
    pages = {57-64},
    doi = {10.1103/PhysRev.34.57},
}
@book{Landau1981Quantum,
    author = {Landau, L. D. and Lifshitz, L. M.},
    edition = 3,
    isbn = {0750635398},
    keywords = {book},
    month = jan,
    publisher = {Butterworth-Heinemann},
    title = {Quantum Mechanics Non-Relativistic Theory, Third Edition: Volume 3},
    year = 1981
}


@misc{Gradinaru_strangsplitting,
	author = {Vasile Gradinaru},
	title = {Strang splitting for the time dependent Schr{\"o}dinger equation on sparse grids}
}

@misc{FGL_semiclassical_dynamics,
	author = {Erwan Faou and Vasile Gradinaru and Christian Lubich},
	title = {Computing semi-classical quantum dynamics with Hagedorn wavepackets},
	url = {http://dx.doi.org/10.1137/080729724},
	year = {2009}
}

@article{H_ladder_operators,
	author = {George A. Hagedorn},
	doi = {10.1006/aphy.1998.5843},
	issn = {0003-4916},
	journal = {Annals of Physics},
	number = {1},
	pages = {77--104},
	title = {Raising and Lowering Operators for Semiclassical Wave Packets},
	volume = {269},
	year = {1998}
}

@manual{sympy,
	author = {{SymPy Development Team}},
	title = {SymPy: Python library for symbolic mathematics},
	url = {http://www.sympy.org},
	year = {2014}
}

@book{AandS,
	author = {M. Abramowitz and I. Stegun},
	edition = {10th printing with corrections},
	note = {Equation 25.4.46},
	publisher = {Dover},
	title = {Handbook of Mathematical Functions with Formulas, Graphs, and Mathematical Tables},
	year = {1972}
}

@article {Dong_ladder_operators,
    author = {Dong, Shi-Hai and Lemus, R. and Frank, A.},
    title = {Ladder operators for the Morse potential},
    journal = {International Journal of Quantum Chemistry},
    volume = {86},
    number = {5},
    publisher = {John Wiley & Sons, Inc.},
    issn = {1097-461X},
    url = {http://dx.doi.org/10.1002/qua.10038},
    doi = {10.1002/qua.10038},
    pages = {433--439},
    keywords = {ladder operators, SU(2) group, Morse potential},
    year = {2002}
}

@book{DongFactMethods,
    author={Dong, Shi-Hai},
    title={Factorization method in quantum mechanics},
    publisher={Springer},
    year={2007},
}

