@Misc{ Gradinaru_strangsplitting,
        title = {Strang splitting for the time dependent Schr{\"o}dinger equation on sparse grids},
        author = "Vasile Gradinaru"
}

@Article{ Golub_Welsch_algorithm,
        title = "{Calculation of Gauss quadrature rules}",
        author = "Gene H. Golub and John H. Welsch",
        year = "1967",
        publisher = "STANFORD UNIV CALIF DEPT OF COMPUTER SCIENCE",
        journal = "Mathematics of Computation",
        pages = "221--230",
        volume = "23",
        number = "106",
        month = apr
}

@Misc{ Gradinaru_semiclassical_tunneling,
        title = "Exponentially Accurate Semiclassical Tunneling Wave Functions in One Dimension",
        author = "Vasile Gradinaru and George A. Hagedorn and Alain Joye",
        url = "http://arxiv.org/abs/1003.3280",
        year = "2010"
}

@Article{ FGL_semiclassical_dynamics,
        author = {Faou, Erwan and Gradinaru, Vasile and Lubich, Christian},
        title = "Computing Semiclassical Quantum Dynamics with Hagedorn Wavepackets",
        journal = {SIAM J. Sci. Comput.},
        issue_date = {June 2009},
        volume = {31},
        number = {4},
        month = jul,
        year = {2009},
        issn = {1064-8275},
        pages = {3027--3041},
        numpages = {15},
        url = {http://dx.doi.org/10.1137/080729724},
        doi = {10.1137/080729724},
        acmid = {1654976},
        publisher = {Society for Industrial and Applied Mathematics},
        address = {Philadelphia, PA, USA},
}

@Misc{ GHJ_tunneling_spawning,
        title = "Tunneling dynamics and spawning with adaptive semiclassical wave packets",
        author = "Vasile Gradinaru and George A. Hagedorn and Alain Joye",
        year = "2010",
        doi = "DOI: 10.1063/1.3429607"
}

@Article{ H_ladder_operators,
        title = "Raising and Lowering Operators for Semiclassical Wave Packets",
        author = "George A. Hagedorn",
        journal = "Annals of Physics",
        volume = "269",
        number = "1",
        pages = "77--104",
        year = "1998",
        issn = "0003-4916",
        doi = "DOI: 10.1006/aphy.1998.5843"
}

@Article{ H_semiclassical_iii,
        title = "Semiclassical quantum mechanics {III}: The large order asymptotics and more general states",
        author = "George A. Hagedorn",
        journal = "Annals of Physics",
        volume = "135",
        number = "1",
        pages = "58--70",
        year = "1981",
        issn = "0003-4916",
        doi = "DOI: 10.1016/0003-4916(81)90143-3"
}

@Article{ H_semiclassical_i,
        title = "Semiclassical quantum mechanics {I}: The $\hbar \rightarrow 0$ Limit for Coherent States.",
        author = "George A. Hagedorn",
        year = "1980",
        volume = "71",
        number = "1",
        DOI = "http://dx.doi.org/10.1007/BF01230088",
        journal = "Communications in Mathematical Physics",
        pages = "77--93"
}

@Article{ matexp,
        title = "{Some explicit formulas for the matrix exponential}",
        author = "Dennis Bernstein and Wasin So",
        journal = "IEEE Transactions on Automatic Control",
        volume = "38",
        number = "8",
        pages = "1228--1232",
        year = "1993"
}

@Article{ moler_nineteen,
        title = "{Nineteen dubious ways to compute the matrix exponential}",
        author = "C. Moler and C. {Van Loan}",
        journal = "SIAM Review",
        volume = "20",
        number = "4",
        pages = "801--836",
        year = "1978"
}

@Article{ moler_nineteen_later,
        title = "{Nineteen dubious ways to compute the exponential of a matrix, twenty-five years later}",
        author = "C. Moler and C. {Van Loan}",
        journal = "SIAM review",
        volume = "45",
        number = "1",
        pages = "3--49",
        year = "2003",
        publisher = "JSTOR"
}

@Article{ H_classification,
        title = "{Classification and normal forms for avoided crossings of quantum-mechanical energy levels}",
        author = "George A. Hagedorn",
        journal = "Journal of Physics A: Mathematical and General",
        volume = "31",
        pages = "369",
        year = "1998",
        publisher = "IOP Publishing"
}

@Manual{ sympy,
        title = "SymPy: Python library for symbolic mathematics",
        author = "{SymPy Development Team}",
        year = "2009",
        url = "http://www.sympy.org"
}

@Manual{ ascher.dubois.hinsen.hugunin.oliphant-1999-np,
        author = "David Ascher and Paul F. Dubois and Konrad Hinsen and James Hugunin and Travis Oliphant",
        year = 1999,
        title = "Numerical Python",
        edition = "UCRL-MA-128569",
        address = "Livermore, CA",
        organization = "Lawrence Livermore National Laboratory",
        keywords = "numpy"
}

@Article{ dubois.hinsen.hugunin-1996-cp,
        author = "Paul F. Dubois and Konrad Hinsen and James Hugunin",
        year = "1996",
        title = "Numerical Python",
        journal = "Computers in Physics",
        volume = 10,
        number = 3,
        month = "May/June",
        keywords = "numpy"
}

@Article{ dubois-1999-cse,
        author = "Paul F. Dubois",
        year = 1999,
        title = "Extending Python with Fortran",
        journal = "Computing Science and Engineering",
        volume = 1,
        number = 5,
        month = "Sep/Oct",
        pages = "66--73",
        keywords = "numpy"
}

@Manual{ oliphant-2006-guide,
        author = "Travis E. Oliphant",
        year = 2006,
        title = "Guide to NumPy",
        month = mar,
        address = "Provo, UT",
        institution = "Brigham Young University",
        url = "http://www.tramy.us/",
        keywords = "numpy"
}

@Misc{ scipy,
        author = "Eric Jones and Travis Oliphant and Pearu Peterson and others",
        title = "{SciPy}: Open source scientific tools for {Python}",
        year = "2001--",
        url = "http://www.scipy.org/"
}

@Book{ AandS,
        title = "Handbook of Mathematical Functions with Formulas, Graphs, and Mathematical Tables",
        author = "M. Abramowitz and I. Stegun",
        publisher = "Dover",
        edition = "10th printing with corrections",
        year = "1972",
        note = "Equation 25.4.46"
}

@Article{ H_R_quantization_rules,
        author = "George A. Hagedorn and Sam L. Robinson",
        title = "Bohr-{S}ommerfeld quantization rules in the semiclassical limit",
        journal = "J. Phys. A",
        fjournal = "Journal of Physics. A. Mathematical and General",
        volume = "31",
        year = "1998",
        number = "50",
        pages = "10113--10130",
        url = "http://dx.doi.org/10.1088/0305-4470/31/50/009"
}

@Book{ S_Teufel,
        title = "{Adiabatic perturbation theory in quantum dynamics}",
        author = "S. Teufel",
        year = "2003",
        publisher = "Springer Verlag"
}

@Article{ H_T_semiclassical_2x2,
        title = {Exponentially Accurate Semiclassical Asymptotics of Low-Lying Eigenvalues for $2 \times 2$ Matrix Schr{\"o}dinger Operators},
        author = "George A. Hagedorn and Julio H. Toloza",
        journal = "Journal of Mathematical Analysis and Applications",
        volume = "312",
        number = "1",
        pages = "300--329",
        year = "2005"
}

@Article{ J_C_operator_splitting,
        author = "Tobias Jahnke and Christian Lubich",
        title = "Error Bounds for Exponential Operator Splittings",
        journal = "BIT Numerical Mathematics",
        publisher = "Springer Netherlands",
        pages = "735--744",
        volume = "40",
        issue = "4",
        url = "http://dx.doi.org/10.1023/A:1022396519656",
        year = "2000"
}

@book{Thaller_VQM,
        address = {Secaucus, NJ, USA},
        author = {Bernd Thaller},
        edition = {1st},
        isbn = {0387989293},
        publisher = {Springer-Verlag New York, Inc.},
        title = {Visual Quantum Mechanics: Selected Topics with Computer Generated Animations of Quantum Mechanical Phenomena with Cdrom},
        year = {2000}
}

@article{GHJ_exponentially_accurate,
        author = {Vasile Gradinaru and George A Hagedorn and Alain Joye},
        journal = {Journal of Physics A: Mathematical and Theoretical},
        number = {47},
        pages = {474026},
        title = {Exponentially accurate semiclassical tunneling wavefunctions in one dimension},
        url = {http://stacks.iop.org/1751-8121/43/i=47/a=474026},
        volume = {43},
        year = {2010}
}

@article{BGH_nonadibatic_algorithms,
    author = {Bourquin, Raoul and Gradinaru, Vasile and Hagedorn, George},
    day = {30},
    doi = {10.1007/s10910-011-9827-2},
    issn = {0259-9791},
    journal = {Journal of Mathematical Chemistry},
    month = apr,
    pages = {1--18},
    publisher = {Springer Netherlands},
    title = {Non-adiabatic transitions near avoided crossings: theory and numerics},
    year = {2011}
}

@article{B_bachelor_thesis,
    author = {Bourquin, Raoul},
    title = {Algorithms for non-adiabatic transitions with one-dimensional wavepackets},
    url = {"http://n.ethz.ch/~raoulb/research/bachelor_thesis/tex/main.pdf"},
    year = {2010},
    howpublished={\url{"http://n.ethz.ch/~raoulb/research/bachelor_thesis/tex/main.pdf"}}
}

@article{B_spawning_thesis,
    author = {Bourquin, Raoul},
    title = {Spawning of wave-packets in 1D non-adiabatic transitions},
    url = {"http://n.ethz.ch/~raoulb/research/term_thesis/main.pdf"},
    year = {2011},
    howpublished={\url{"http://n.ethz.ch/~raoulb/research/bachelor_thesis/tex/main.pdf"}}
}

@techreport{P_matrix_book,
    author = {Kaare Brandt Petersen and Michael Syskind Pedersen and Jan Larsen and Korbinian Strimmer and Lars Christiansen and Kai Hansen and Liguo He and Loic Thibaut and Miguel Bar√£o and Stephan Hattinger and Vasile Sima and We The},
    title = {The matrix cookbook},
    institution = {},
    year = {2006}
}

@book{H_functions_of_matrices,
  title = {Functions of matrices - theory and computation},
  author = {Nicholas J. Higham},
  year = {2008},
  publisher = {SIAM},
  isbn = {978-0-89871-646-7},
}

@article{HJ_molecularpropagation,
    author = {George A. Hagedorn and Alain Joye},
    title = {Molecular Propagation through Small Avoided Crossings of Electron Energy Levels},
    journal = {Rev. Math. Phys},
    year = {1997},
    volume = {11},
    pages = {41--101}
}

@article{H_crossing_classification,
  author={George A Hagedorn},
  title={Classification and normal forms for avoided crossings of quantum-mechanical energy levels},
  journal={Journal of Physics A: Mathematical and General},
  volume={31},
  number={1},
  pages={369},
  year={1998}
}

@misc{waveblocks,
  author = {R. Bourquin and V. Gradinaru},
  title = {{WaveBlocks}: Reusable building blocks for simulations with semiclassical wavepackets},
  year = {2010, 2011},
  url = {\url{http://github.com/raoulbq/WaveBlocks}},
  howpublished={\url{http://github.com/raoulbq/WaveBlocks}}
}

@misc{waveblocksnd,
  author = {R. Bourquin and V. Gradinaru},
  title = {{WaveBlocks}: Reusable building blocks for simulations with semiclassical wavepackets},
  year = {2010, 2011, 2012},
  url = {\url{http://github.com/raoulbq/WaveBlocksND}},
  howpublished={\url{http://github.com/raoulbq/WaveBlocksND}}
}

@article {L_eigenvalues,
  author = {Lancaster, P.},
  title = {On eigenvalues of matrices dependent on a parameter},
  journal = {Numerische Mathematik},
  publisher = {Springer Berlin / Heidelberg},
  pages = {377-387},
  volume = {6},
  issue = {1},
  year = {1964}
}

@article{MH_eigenvalues,
  author={Murthy, Durbha V and Haftka, Raphael T},
  title={Derivatives of eigenvalues and eigenvectors of a general complex matrix},
  journal={International Journal for Numerical Methods in Engineering},
  volume={26},
  number={2},
  year={1988},
  pages={293--311}
}

@article{OW_eigenvalues,
  author = {Overton, Michael L. and Womersley, Robert S.},
  title = {Second Derivatives for Optimizing Eigenvalues of Symmetric Matrices},
  journal = {SIAM J. Matrix Anal. Appl.},
  issue_date = {July 1995},
  volume = {16},
  number = {3},
  year = {1995},
  pages = {697--718},
  publisher = {Society for Industrial and Applied Mathematics},
}

@article{Lasser,
  author = {Caroline Lasser and Torben Swart},
  collaboration = {},
  title = {Single switch surface hopping for a model of pyrazine},
  publisher = {AIP},
  year = {2008},
  journal = {The Journal of Chemical Physics},
  volume = {129},
  number = {3},
  eid = {034302},
  numpages = {8},
  pages = {034302},
  keywords = {hopping conduction; organic compounds; potential energy surfaces; surface conductivity},
  url = {http://link.aip.org/link/?JCP/129/034302/1},
  doi = {10.1063/1.2954019}
}

@article{westermann,
  author = {Till Westermann and Ralf Brodbeck and Alexander B. Rozhenko and Wolfgang Schoeller and Uwe Manthe},
  collaboration = {},
  title = {Photodissociation of methyl iodide embedded in a host-guest complex: A full dimensional (189D) quantum dynamics study of CH[sub 3]I@resorc[4]arene},
  publisher = {AIP},
  year = {2011},
  journal = {The Journal of Chemical Physics},
  volume = {135},
  number = {18},
  eid = {184102},
  numpages = {12},
  pages = {184102},
  keywords = {ab initio calculations; HF calculations; molecule-photon collisions; organic compounds; photodissociation; photoexcitation; potential energy surfaces; quantum theory; vibrational states},
  url = {http://link.aip.org/link/?JCP/135/184102/1},
  doi = {10.1063/1.3658040}
}

@article{Xie_Guo_Amatatsu_Kosloff,
 title={Three-Dimensional Photodissociation Dynamics of Rotational State Selected Methyl Iodide},
  volume={104A},
  url={http://pubs.acs.org/doi/abs/10.1021/jp9932463},
  number={5},
  journal={The Journal of Physical Chemistry A},
  author={Xie, Daiqian and Guo, Hua and Amatatsu, Yoshiaki and Kosloff, Ronnie},
  year={2000},
  pages={1009--1019}
}

@article{Adhikari,
  author = {Sardar, Subhankar and Paul, Amit Kumar and Sharma, Rahul and Adhikari, Satrajit},
  title = {A "classical" trajectory driven nuclear dynamics by a parallelized quantum-classical approach to a realistic model Hamiltonian of benzene radical cation},
  journal = {International Journal of Quantum Chemistry},
  volume = {111},
  number = {12},
  publisher = {Wiley Subscription Services, Inc., A Wiley Company},
  issn = {1097-461X},
  url = {http://dx.doi.org/10.1002/qua.22578},
  doi = {10.1002/qua.22578},
  pages = {2741--2759},
  keywords = {parallelized TDDVR method, benzene radical cation, quantum-Classical approach},
  year = {2011},
}

@article{Sardar,
    author = {Sardar, Subhankar and Paul, Amit and Adhikari, Satrajit},
    title = {A quantum-classical simulation of the nuclear dynamics in NO 2 and C6H 6 + with realistic model Hamiltonian},
    journal = {Journal of Chemical Sciences},
    volume = {122},
    number = {4},
    year = {2010},
    pages = {491-510},
    url = {http://www.ingentaconnect.com/content/klu/12039a/2010/00000122/00000004/00000084},
    doi = {doi:10.1007/s12039-010-0084-x}
}

@article{lee_heller,
  author = {Soo-Y. Lee and Eric J. Heller},
  collaboration = {},
  title = {Exact time-dependent wave packet propagation: Application to the photodissociation of methyl iodide},
  publisher = {AIP},
  year = {1982},
  journal = {The Journal of Chemical Physics},
  volume = {76},
  number = {6},
  pages = {3035-3044},
  keywords = {WAVE PACKETS; WAVE PROPAGATION; DISSOCIATION; PHOTOLYSIS; METHYL IODIDE; RAMAN SPECTRA; CROSS SECTIONS},
  url = {http://link.aip.org/link/?JCP/76/3035/1},
  doi = {10.1063/1.443342}
}
