@Article{GHJ10a,
  author       = {V.~Gradinaru and G.~A.~Hagedorn and A.~Joye},
  title        = {Tunneling dynamics and spawning with adaptive semi-classical wave-packets},
  journal      = {Journal of Chemical Physics},
  year 	       = {2010},
  volume    = {132},
  doi = {10.1063/1.3429607}
}

