@article{H_ladder_operators,
  author       = {George A. Hagedorn},
  doi          = {DOI: 10.1006/aphy.1998.5843},
  issn         = {0003-4916},
  journaltitle = {Annals of Physics},
  number       = {1},
  pages        = {77--104},
  title        = {Raising and Lowering Operators for Semiclassical Wave Packets},
  volume       = {269},
  year         = {1998},
}

@misc{eigenweb,
  author       = {Gaël Guennebaud and Benoît Jacob and others},
  howpublished = {\url{http://eigen.tuxfamily.org}},
  title        = {Eigen v3},
  year         = {2010},
}

@misc{euler_cluster,
  author       = {Swiss Federal Institute of Technology Zurich},
  howpublished = {\url{http://clusterwiki.ethz.ch/brutus/Getting_started_with_Euler}},
  title        = {Euler Cluster},
  year         = {2015},
}

