@article{BGH_natac,
  author = {R. Bourquin and V. Gradinaru and G.A. Hagedorn},
  title = {Non-adiabatic transitions near avoided crossings: theory and numerics},
  journal = {Journal of Mathematical Chemistry},
  volume = {50},
  pages = {602-619},
  affiliation = {Seminar for Applied Mathematics, ETH Zürich, 8092 Zürich, Switzerland},
  keyword = {Chemistry and Materials Science},
  publisher = {Springer Netherlands},
  year = {2012}
}

@report{D_morse,
  title = {Towards Morse-wavepackets for time stepping algorithms},
  author = {Debus, Pascal},
  url = {\url{https://github.com/raoulbq/TeX/blob/master/Morse/main.tex}},
  howpublished = {unpublished},
  year = {2014}
}

@report{BG_nsd,
  title = {Numerical Steepest Descent for Overlap Integrals of Semiclassical Wavepackets},
  author = {Bourquin, Raoul and Gradinaru, Vasile},
  url = {\url{http://www.sam.math.ethz.ch/sam_reports/index.php?id=2015-12}},
  howpublished = {unpublished},
  year = {2015}
}

@report{B_kes,
  title = {Exhaustive search for higher-order Kronrod-Patterson Extensions},
  author = {Bourquin, Raoul},
  url = {\url{http://www.sam.math.ethz.ch/sam_reports/index.php?id=2015-11}},
  howpublished = {unpublished},
  year = {2015}
}

@misc{waveblocks,
    author = {R. Bourquin and V. Gradinaru},
    title = {{WaveBlocks}: Reusable building blocks for simulations with semiclassical wavepackets},
    year = {2010 - 2015},
    url = {\url{https://github.com/WaveBlocks/WaveBlocks}},
    howpublished={\url{https://github.com/WaveBlocks/WaveBlocks}}
}

@misc{waveblocksnd,
    author = {R. Bourquin and V. Gradinaru},
    title = {{WaveBlocks}: Reusable building blocks for simulations with semiclassical wavepackets},
    year = {2010 - 2015},
    url = {\url{https://github.com/WaveBlocks/WaveBlocksND}},
    howpublished={\url{https://github.com/WaveBlocks/WaveBlocksND}}
}

@misc{libwaveblocks,
  title = {{libwaveblocks}: {C++} library for simulations with semiclassical wavepackets},
  author = {R. Bourquin and M. Bösch and L. Miserez and B. Vartok},
  year = {2015},
  url = {\url{https://github.com/WaveBlocks/libwaveblocks}},
  howpublished = {\url{https://github.com/WaveBlocks/libwaveblocks}}
}

@misc{kes,
  author = {R. Bourquin and V. Gradinaru},
  title = {Exhaustive search for higher-order Kronrod-Patterson Extensions},
  year = {2014, 2015},
  url = {\url{https://github.com/raoulbq/kes}},
  howpublished={\url{https://github.com/raoulbq/kes}}
}
