@article{SIZ_hg2,
  author={B Stefanov and O Iordanov and L Zarkova},
  title={Interaction potential in {${}^1\Sigma_g{}^+Hg_2$} : fit to the experimental data},
  journal={Journal of Physics B: Atomic and Molecular Physics},
  volume={15},
  number={2},
  pages={239},
  year={1982}
}