@article{AH_cgq_it,
    author = "Asheim, Andreas and Huybrechs, Daan",
    doi = "10.1093/imanum/drs060",
    journal = "IMA Journal of Numerical Analysis",
    number = "4",
    pages = "1322-1341",
    title = "Complex Gaussian quadrature for oscillatory integral transforms",
    volume = "33",
    year = "2013",
}

@article{AH_cgq,
	author = "Dea{\~n}o, Alfredo and Huybrechs, Daan",
	doi = "10.1007/s00211-008-0209-z",
	issn = "0029-599X",
	issue = "2",
	journal = "Numerische Mathematik",
	pages = "197--219",
	publisher = "Springer-Verlag",
	title = "{Complex Gaussian quadrature of oscillatory integrals}",
	volume = "112",
	year = "2009"
}

@article{HV_hoq,
	author = "Huybrechs, Daan and Vandewalle, Stefan",
	doi = "10.1137/050636814",
	journal = "SIAM Journal on Numerical Analysis",
	number = "3",
	pages = "1026--1048",
	title = "{On the Evaluation of Highly Oscillatory Integrals by Analytic Continuation}",
	volume = "44",
	year = "2006"
}

@article{HV_cub,
	author = "Huybrechs, Daan and Vandewalle, Stefan",
	issn = "00255718",
	journal = "Mathematics of Computation",
	language = "English",
	number = "260",
	pages = "pp. 1955--1980",
	publisher = "American Mathematical Society",
	title = "{The Construction of Cubature Rules for Multivariate Highly Oscillatory Integrals}",
	volume = "76",
	year = "2007"
}

@article{H_nsd_sii,
	author = "Majidian, Hassan",
	doi = "10.1007/s11075-012-9639-x",
	issn = "1017-1398",
	journal = "Numerical Algorithms",
	pages = "1--12",
	publisher = "Springer US",
	title = "{Numerical approximation of highly oscillatory integrals on semi-finite intervals by steepest descent method}",
	year = "2012"
}

@article{AH_nsd_pa,
	author = "Asheim, Andreas and Huybrechs, Daan",
	doi = "10.1007/s10208-010-9068-y",
	issn = "1615-3375",
	issue = "6",
	journal = "Foundations of Computational Mathematics",
	pages = "647--671",
	publisher = "Springer-Verlag",
	title = "{Asymptotic Analysis of Numerical Steepest Descent with Path Approximations}",
	volume = "10",
	year = "2010"
}

Gene H. Golub and Charles F. Van Loan, Matrix Computations, 3rd ed., Section 7.7, Johns Hopkins University Press, 1996. ISBN 0-8018-5414-8.

@book{matcomp,
	author = "Golub, Gene H. and Loan, Charles F. Van",
	edition = "3rd ed.",
	isbn = "ISBN 0-8018-5414-8",
	publisher = "Johns Hopkins University Press",
	title = "{Matrix Computations}",
	year = "1996"
}

@article{BG_nsd_wp,
    author = {Bourquin, Raoul and Gradinaru, Vasile},
    title = "Numerical Steepest Descent for Overlap Integrals of Semi-Classical Wavepackets",
    year = "2014",
}
