@article{Heiss_Winschel_08,
  title = "Likelihood approximation by numerical integration on sparse grids ",
  journal = "Journal of Econometrics ",
  volume = "144",
  number = "1",
  pages = "62 - 80",
  year = "2008",
  issn = "0304-4076",
  doi = "http://dx.doi.org/10.1016/j.jeconom.2007.12.004",
  author = "Florian Heiss and Viktor Winschel",
}

@article{Gerstner_Griebel_98,
  title = {Numerical integration using sparse grids},
  author = {Gerstner, Thomas and Griebel, Michael},
  journal = {Numerical Algorithms},
  volume = {18},
  number={3-4},
  pages = {209-232},
  year = {1998},
  issn = {1017-1398},
  doi = {10.1023/A:1019129717644}
}

@article{Wasilkowski_Wozniakowski_95,
  title = "Explicit Cost Bounds of Algorithms for Multivariate Tensor Product Problems ",
  author = "G.W. Wasilkowski and H. Wozniakowski",
  journal = "Journal of Complexity ",
  volume = "11",
  number = "1",
  pages = "1 - 56",
  year = "1995",
  issn = "0885-064X",
  doi = "http://dx.doi.org/10.1006/jcom.1995.1001",
}
