@Misc{ Gradinaru_strangsplitting,
	title = {Strang splitting for the time dependent Schr{\"o}dinger equation on sparse grids},
	author = "Vasile Gradinaru"
}

@Article{ Golub_Welsch_algorithm,
	title = "{Calculation of Gauss quadrature rules}",
	author = "Gene H. Golub and John H. Welsch",
	year = "1967",
	publisher = "STANFORD UNIV CALIF DEPT OF COMPUTER SCIENCE",
	journal = "Mathematics of Computation",
	pages = "221--230",
	volume = "23",
	number = "106",
	month = apr
}

@Misc{ Gradinaru_semiclassical_tunneling,
	title = "Exponentially Accurate Semiclassical Tunneling Wave Functions in One Dimension",
	author = "Vasile Gradinaru and George A. Hagedorn and Alain Joye",
	url = "http://arxiv.org/abs/1003.3280",
	year = "2010"
}

@Misc{ FGL_semiclassical_dynamics,
	title = "Computing semi-classical quantum dynamics with Hagedorn wavepackets",
	author = "Erwan Faou and Vasile Gradinaru and Christian Lubich",
	url = "http://dx.doi.org/10.1137/080729724",
	year = "2009"
}

@Misc{ GHJ_tunneling_spawning,
	title = "Tunneling dynamics and spawning with adaptive semiclassical wave packets",
	author = "Vasile Gradinaru and George A. Hagedorn and Alain Joye",
	year = "2010",
	doi = "DOI: 10.1063/1.3429607"
}

@Article{ H_ladder_operators,
	title = "Raising and Lowering Operators for Semiclassical Wave Packets",
	author = "George A. Hagedorn",
	journal = "Annals of Physics",
	volume = "269",
	number = "1",
	pages = "77--104",
	year = "1998",
	issn = "0003-4916",
	doi = "DOI: 10.1006/aphy.1998.5843"
}

@Article{ H_semiclassical_iii,
	title = "Semiclassical quantum mechanics {III}: The large order asymptotics and more general states",
	author = "George A. Hagedorn",
	journal = "Annals of Physics",
	volume = "135",
	number = "1",
	pages = "58--70",
	year = "1981",
	issn = "0003-4916",
	doi = "DOI: 10.1016/0003-4916(81)90143-3"
}

@Article{ H_semiclassical_i,
	title = "Semiclassical quantum mechanics {I}: The $\hbar \rightarrow 0$ Limit for Coherent States.",
	author = "George A. Hagedorn",
	year = "1980",
	volume = "71",
	number = "1",
	DOI = "http://dx.doi.org/10.1007/BF01230088",
	journal = "Communications in Mathematical Physics",
	pages = "77--93"
}

@Article{ matexp,
	title = "{Some explicit formulas for the matrix exponential}",
	author = "Dennis Bernstein and Wasin So",
	journal = "IEEE Transactions on Automatic Control",
	volume = "38",
	number = "8",
	pages = "1228--1232",
	year = "1993"
}

@Article{ moler_nineteen,
	title = "{Nineteen dubious ways to compute the matrix exponential}",
	author = "C. Moler and C. {Van Loan}",
	journal = "SIAM Review",
	volume = "20",
	number = "4",
	pages = "801--836",
	year = "1978"
}

@Article{ moler_nineteen_later,
	title = "{Nineteen dubious ways to compute the exponential of a matrix, twenty-five years later}",
	author = "C. Moler and C. {Van Loan}",
	journal = "SIAM review",
	volume = "45",
	number = "1",
	pages = "3--49",
	year = "2003",
	publisher = "JSTOR"
}

@Article{ H_classification,
	title = "{Classification and normal forms for avoided crossings of quantum-mechanical energy levels}",
	author = "George A. Hagedorn",
	journal = "Journal of Physics A: Mathematical and General",
	volume = "31",
	pages = "369",
	year = "1998",
	publisher = "IOP Publishing"
}

@Manual{ sympy,
	title = "SymPy: Python library for symbolic mathematics",
	author = "{SymPy Development Team}",
	year = "2009",
	url = "http://www.sympy.org"
}

@Manual{ ascher.dubois.hinsen.hugunin.oliphant-1999-np,
	author = "David Ascher and Paul F. Dubois and Konrad Hinsen and James Hugunin and Travis Oliphant",
	year = 1999,
	title = "Numerical Python",
	edition = "UCRL-MA-128569",
	address = "Livermore, CA",
	organization = "Lawrence Livermore National Laboratory",
	keywords = "numpy"
}

@Article{ dubois.hinsen.hugunin-1996-cp,
	author = "Paul F. Dubois and Konrad Hinsen and James Hugunin",
	year = "1996",
	title = "Numerical Python",
	journal = "Computers in Physics",
	volume = 10,
	number = 3,
	month = "May/June",
	keywords = "numpy"
}

@Article{ dubois-1999-cse,
	author = "Paul F. Dubois",
	year = 1999,
	title = "Extending Python with Fortran",
	journal = "Computing Science and Engineering",
	volume = 1,
	number = 5,
	month = "Sep/Oct",
	pages = "66--73",
	keywords = "numpy"
}

@Manual{ oliphant-2006-guide,
	author = "Travis E. Oliphant",
	year = 2006,
	title = "Guide to NumPy",
	month = mar,
	address = "Provo, UT",
	institution = "Brigham Young University",
	url = "http://www.tramy.us/",
	keywords = "numpy"
}

@Misc{ scipy,
	author = "Eric Jones and Travis Oliphant and Pearu Peterson and others",
	title = "{SciPy}: Open source scientific tools for {Python}",
	year = "2001--",
	url = "http://www.scipy.org/"
}

@Book{ AandS,
	title = "Handbook of Mathematical Functions with Formulas, Graphs, and Mathematical Tables",
	author = "M. Abramowitz and I. Stegun",
	publisher = "Dover",
	edition = "10th printing with corrections",
	year = "1972",
	note = "Equation 25.4.46"
}

@Article{ H_R_quantization_rules,
	author = "George A. Hagedorn and Sam L. Robinson",
	title = "Bohr-{S}ommerfeld quantization rules in the semiclassical limit",
	journal = "J. Phys. A",
	fjournal = "Journal of Physics. A. Mathematical and General",
	volume = "31",
	year = "1998",
	number = "50",
	pages = "10113--10130",
	url = "http://dx.doi.org/10.1088/0305-4470/31/50/009"
}

@Book{ S_Teufel,
	title = "{Adiabatic perturbation theory in quantum dynamics}",
	author = "S. Teufel",
	year = "2003",
	publisher = "Springer Verlag"
}

@Article{ H_T_semiclassical_2x2,
	title = {Exponentially Accurate Semiclassical Asymptotics of Low-Lying Eigenvalues for $2 \times 2$ Matrix Schr{\"o}dinger Operators},
	author = "George A. Hagedorn and Julio H. Toloza",
	journal = "Journal of Mathematical Analysis and Applications",
	volume = "312",
	number = "1",
	pages = "300--329",
	year = "2005"
}

@Article{ J_C_operator_splitting,
	author = "Tobias Jahnke and Christian Lubich",
	title = "Error Bounds for Exponential Operator Splittings",
	journal = "BIT Numerical Mathematics",
	publisher = "Springer Netherlands",
	pages = "735--744",
	volume = "40",
	issue = "4",
	url = "http://dx.doi.org/10.1023/A:1022396519656",
	year = "2000"
}

